<?xml version="1.0" encoding="UTF-8"?>
<!DOCTYPE html PUBLIC "-//W3C//DTD XHTML 1.0 Transitional//EN"
    "http://www.w3.org/TR/xhtml1/DTD/xhtml1-transitional.dtd">
<html xmlns="http://www.w3.org/1999/xhtml" xml:lang="en" lang="en">
 <head>
  <title>
</title>
<meta http-equiv="Content-Type" content="text/html;charset=utf-8" />
  <meta name='ocr-system' content='tesseract 3.04.00' />
  <meta name='ocr-capabilities' content='ocr_page ocr_carea ocr_par ocr_line ocrx_word'/>
</head>
<body>
  <div class='ocr_page' id='page_1' title='image "./rufifestiavieni01aviegoog_0025.png"; bbox 0 0 2582 3890; ppageno 0'>
   <div class='ocr_carea' id='block_1_1' title="bbox 528 217 791 264">
    <p class='ocr_par' dir='ltr' id='par_1_1' title="bbox 528 217 791 264">
     <span class='ocr_line' id='line_1_1' title="bbox 528 217 791 264; baseline 0 -2"><span class='ocrx_word' id='word_1_1' title='bbox 528 233 569 245; x_wconf 88' lang='lat'><strong>··-</strong></span> <span class='ocrx_word' id='word_1_2' title='bbox 615 217 705 264; x_wconf 87' lang='lat' dir='ltr'>XVIII</span> <span class='ocrx_word' id='word_1_3' title='bbox 754 233 791 245; x_wconf 91' lang='grc'>-</span> 
     </span>
    </p>
   </div>
   <div class='ocr_carea' id='block_1_2' title="bbox 151 339 1174 959">
    <p class='ocr_par' dir='ltr' id='par_1_2' title="bbox 151 339 1174 959">
     <span class='ocr_line' id='line_1_2' title="bbox 153 339 1174 425; baseline 0.001 -20"><span class='ocrx_word' id='word_1_4' title='bbox 153 341 222 406; x_wconf 79' lang='lat' dir='ltr'><strong>dita</strong></span> <span class='ocrx_word' id='word_1_5' title='bbox 245 344 331 424; x_wconf 86' lang='lat' dir='ltr'><strong>sunt,</strong></span> <span class='ocrx_word' id='word_1_6' title='bbox 354 339 438 406; x_wconf 83' lang='lat' dir='ltr'><strong>huno</strong></span> <span class='ocrx_word' id='word_1_7' title='bbox 462 340 659 404; x_wconf 71' lang='lat' dir='ltr'><strong>sententiam</strong></span> <span class='ocrx_word' id='word_1_8' title='bbox 682 359 778 425; x_wconf 75' lang='lat' dir='ltr'><strong>aegre</strong></span> <span class='ocrx_word' id='word_1_9' title='bbox 801 340 922 406; x_wconf 76' lang='lat' dir='ltr'><strong>elicior.</strong></span> <span class='ocrx_word' id='word_1_10' title='bbox 957 361 1035 406; x_wconf 75' lang='lat' dir='ltr'><strong>nom</strong></span> <span class='ocrx_word' id='word_1_11' title='bbox 1054 344 1087 405; x_wconf 91' lang='lat' dir='ltr'><strong>et</strong></span> <span class='ocrx_word' id='word_1_12' title='bbox 1104 341 1174 425; x_wconf 87' lang='lat' dir='ltr'><strong>pri·</strong></span> 
     </span>
     <span class='ocr_line' id='line_1_3' title="bbox 153 429 1172 513; baseline 0.001 -18"><span class='ocrx_word' id='word_1_13' title='bbox 153 452 211 495; x_wconf 83' lang='lat' dir='ltr'><strong>oro</strong></span> <span class='ocrx_word' id='word_1_14' title='bbox 237 429 296 494; x_wconf 82' lang='lat' dir='ltr'><strong>ille</strong></span> <span class='ocrx_word' id='word_1_15' title='bbox 321 450 391 495; x_wconf 86' lang='lat' dir='ltr'><strong>nee</strong></span> <span class='ocrx_word' id='word_1_16' title='bbox 418 429 658 513; x_wconf 72' lang='lat' dir='ltr'><strong>expectanda</strong></span> <span class='ocrx_word' id='word_1_17' title='bbox 686 433 839 513; x_wconf 78' lang='lat' dir='ltr'><strong>corrupte</strong></span> <span class='ocrx_word' id='word_1_18' title='bbox 865 450 936 494; x_wconf 82' lang='lat' dir='ltr'><strong>esse</strong></span> <span class='ocrx_word' id='word_1_19' title='bbox 961 429 1172 496; x_wconf 70' lang='lat' dir='ltr'><strong>menifestum</strong></span> 
     </span>
     <span class='ocr_line' id='line_1_4' title="bbox 153 516 1172 603; baseline 0 -21"><span class='ocrx_word' id='word_1_20' title='bbox 153 522 203 583; x_wconf 82' lang='lat' dir='ltr'><strong>ert</strong></span> <span class='ocrx_word' id='word_1_21' title='bbox 226 521 259 582; x_wconf 86' lang='lat' dir='ltr'><strong>et</strong></span> <span class='ocrx_word' id='word_1_22' title='bbox 283 539 366 603; x_wconf 73' lang='lat' dir='ltr'><strong>quae</strong></span> <span class='ocrx_word' id='word_1_23' title='bbox 389 521 555 602; x_wconf 75' lang='lat' dir='ltr'><strong>reduntur,</strong></span> <span class='ocrx_word' id='word_1_24' title='bbox 578 518 607 582; x_wconf 79' lang='lat' dir='ltr'><strong>oi</strong></span> <span class='ocrx_word' id='word_1_25' title='bbox 630 516 729 586; x_wconf 90' lang='lat' dir='ltr'><strong>modo</strong></span> <span class='ocrx_word' id='word_1_26' title='bbox 749 521 836 582; x_wconf 84' lang='lat' dir='ltr'><strong>reete</strong></span> <span class='ocrx_word' id='word_1_27' title='bbox 858 517 981 584; x_wconf 83' lang='lat' dir='ltr'><strong>truditn</strong></span> <span class='ocrx_word' id='word_1_28' title='bbox 1002 521 1093 602; x_wconf 76' lang='lat' dir='ltr'><strong>erunt,</strong></span> <span class='ocrx_word' id='word_1_29' title='bbox 1115 539 1172 583; x_wconf 82' lang='lat' dir='ltr'><strong>ex-</strong></span> 
     </span>
     <span class='ocr_line' id='line_1_5' title="bbox 152 606 1173 692; baseline 0 -20"><span class='ocrx_word' id='word_1_30' title='bbox 152 607 279 692; x_wconf 78' lang='lat' dir='ltr'><strong>planari</strong></span> <span class='ocrx_word' id='word_1_31' title='bbox 306 628 372 673; x_wconf 91' lang='lat' dir='ltr'><strong>non</strong></span> <span class='ocrx_word' id='word_1_32' title='bbox 400 610 548 691; x_wconf 71' lang='lat' dir='ltr'><strong>potsunt.</strong></span> <span class='ocrx_word' id='word_1_33' title='bbox 593 627 632 672; x_wconf 85' lang='lat' dir='ltr'><strong>ue</strong></span> <span class='ocrx_word' id='word_1_34' title='bbox 657 627 699 671; x_wconf 88' lang='lat' dir='ltr'><strong>ne</strong></span> <span class='ocrx_word' id='word_1_35' title='bbox 727 606 768 672; x_wconf 76' lang='lat' dir='ltr'><strong>eb</strong></span> <span class='ocrx_word' id='word_1_36' title='bbox 792 606 895 672; x_wconf 76' lang='lat' dir='ltr'><strong>Arato</strong></span> <span class='ocrx_word' id='word_1_37' title='bbox 921 607 1051 691; x_wconf 81' lang='lat' dir='ltr'><strong>quidem</strong></span> <span class='ocrx_word' id='word_1_38' title='bbox 1073 607 1173 673; x_wconf 81' lang='lat' dir='ltr'><strong>huius</strong></span> 
     </span>
     <span class='ocr_line' id='line_1_6' title="bbox 152 695 1172 780; baseline 0 -20"><span class='ocrx_word' id='word_1_39' title='bbox 152 697 215 761; x_wconf 80' lang='lat' dir='ltr'><strong>loni</strong></span> <span class='ocrx_word' id='word_1_40' title='bbox 239 695 307 760; x_wconf 81' lang='lat' dir='ltr'><strong>uilo</strong></span> <span class='ocrx_word' id='word_1_41' title='bbox 326 696 468 780; x_wconf 76' lang='lat' dir='ltr'><strong>petendo</strong></span> <span class='ocrx_word' id='word_1_42' title='bbox 486 696 573 761; x_wconf 79' lang='lat' dir='ltr'><strong>eolus</strong></span> <span class='ocrx_word' id='word_1_43' title='bbox 593 697 651 761; x_wconf 81' lang='lat' dir='ltr'><strong>est.</strong></span> <span class='ocrx_word' id='word_1_44' title='bbox 688 695 779 762; x_wconf 81' lang='lat' dir='ltr'><strong>ouius</strong></span> <span class='ocrx_word' id='word_1_45' title='bbox 799 717 838 760; x_wconf 84' lang='lat' dir='ltr'><strong>ex</strong></span> <span class='ocrx_word' id='word_1_46' title='bbox 855 717 953 760; x_wconf 75' lang='lat' dir='ltr'><strong>uerso</strong></span> <span class='ocrx_word' id='word_1_47' title='bbox 971 696 1036 762; x_wconf 80' lang='lat'><strong>382</strong></span> <span class='ocrx_word' id='word_1_48' title='bbox 1054 696 1172 762; x_wconf 77' lang='lat' dir='ltr'><strong>norbo:</strong></span> 
     </span>
     <span class='ocr_line' id='line_1_7' title="bbox 151 778 1173 868; baseline 0.001 -19"><span class='ocrx_word' id='word_1_49' title='bbox 151 781 210 849; x_wconf 77' lang='lat' dir='ltr'><strong>not</strong></span> <span class='ocrx_word' id='word_1_50' title='bbox 237 778 347 852; x_wconf 74' lang='grc' dir='ltr'><strong>οὐκέτι</strong></span> <span class='ocrx_word' id='word_1_51' title='bbox 375 785 442 849; x_wconf 80' lang='grc' dir='ltr'><strong>νῦν</strong></span> <span class='ocrx_word' id='word_1_52' title='bbox 467 778 535 850; x_wconf 74' lang='lat' dir='ltr'><strong>duod</strong></span> <span class='ocrx_word' id='word_1_53' title='bbox 562 780 713 868; x_wconf 71' lang='grc' dir='ltr'><strong>θαύματι</strong></span> <span class='ocrx_word' id='word_1_54' title='bbox 738 782 886 850; x_wconf 68' lang='grc' dir='ltr'><strong>τέλλεται</strong></span> <span class='ocrx_word' id='word_1_55' title='bbox 908 778 1013 868; x_wconf 70' lang='grc' dir='ltr'><strong><em>ἀστήρ</em></strong></span> <span class='ocrx_word' id='word_1_56' title='bbox 1037 782 1173 850; x_wconf 79' lang='lat' dir='ltr'><strong>Grotius</strong></span> 
     </span>
     <span class='ocr_line' id='line_1_8' title="bbox 153 871 1172 959; baseline 0.001 -22"><span class='ocrx_word' id='word_1_57' title='bbox 153 871 209 959; x_wconf 83' lang='lat' dir='ltr'><strong>(od</strong></span> <span class='ocrx_word' id='word_1_58' title='bbox 231 872 406 940; x_wconf 75' lang='lat' dir='ltr'><strong>Phaenom.</strong></span> <span class='ocrx_word' id='word_1_59' title='bbox 430 873 525 938; x_wconf 77' lang='lat' dir='ltr'><strong>Arati</strong></span> <span class='ocrx_word' id='word_1_60' title='bbox 549 896 580 957; x_wconf 91' lang='lat' dir='ltr'><strong>p.</strong></span> <span class='ocrx_word' id='word_1_61' title='bbox 602 871 639 958; x_wconf 89' lang='grc'><strong>9)</strong></span> <span class='ocrx_word' id='word_1_62' title='bbox 663 893 701 939; x_wconf 90' lang='lat' dir='ltr'><strong>eo</strong></span> <span class='ocrx_word' id='word_1_63' title='bbox 725 877 871 958; x_wconf 75' lang='lat' dir='ltr'><strong>spectare</strong></span> <span class='ocrx_word' id='word_1_64' title='bbox 892 874 1027 939; x_wconf 78' lang='lat' dir='ltr'><strong>tensuit</strong></span> <span class='ocrx_word' id='word_1_65' title='bbox 1071 872 1172 938; x_wconf 77' lang='lat' dir='ltr'><strong>Auie-</strong></span> 
     </span>
    </p>
   </div>
   <div class='ocr_carea' id='block_1_3' title="bbox 150 961 1174 1578">
    <p class='ocr_par' dir='ltr' id='par_1_3' title="bbox 150 961 1174 1578">
     <span class='ocr_line' id='line_1_9' title="bbox 152 961 1173 1047; baseline 0 -21"><span class='ocrx_word' id='word_1_66' title='bbox 152 983 231 1026; x_wconf 89' lang='lat' dir='ltr'><strong>num</strong></span> <span class='ocrx_word' id='word_1_67' title='bbox 262 961 362 1046; x_wconf 90' lang='lat' dir='ltr'><strong>enim,</strong></span> <span class='ocrx_word' id='word_1_68' title='bbox 394 962 480 1047; x_wconf 89' lang='lat' dir='ltr'><strong>quod</strong></span> <span class='ocrx_word' id='word_1_69' title='bbox 508 961 595 1046; x_wconf 81' lang='lat' dir='ltr'><strong>opud</strong></span> <span class='ocrx_word' id='word_1_70' title='bbox 622 962 760 1027; x_wconf 79' lang='lat' dir='ltr'><strong>Aratum</strong></span> <span class='ocrx_word' id='word_1_71' title='bbox 787 983 818 1026; x_wconf 95' lang='grc' dir='ltr'><strong>ιι.</strong></span> <span class='ocrx_word' id='word_1_72' title='bbox 845 962 912 1027; x_wconf 81' lang='grc'><strong>882</strong></span> <span class='ocrx_word' id='word_1_73' title='bbox 940 961 1096 1046; x_wconf 84' lang='lat' dir='ltr'><strong>seriptum</strong></span> <span class='ocrx_word' id='word_1_74' title='bbox 1122 963 1173 1026; x_wconf 88' lang='lat' dir='ltr'><strong>iu-</strong></span> 
     </span>
     <span class='ocr_line' id='line_1_10' title="bbox 150 1051 1172 1136; baseline 0 -20"><span class='ocrx_word' id='word_1_75' title='bbox 150 1051 307 1136; x_wconf 77' lang='lat' dir='ltr'><strong>uenisoet,</strong></span> <span class='ocrx_word' id='word_1_76' title='bbox 339 1051 373 1116; x_wconf 93' lang='lat' dir='ltr'><strong>id</strong></span> <span class='ocrx_word' id='word_1_77' title='bbox 404 1071 472 1117; x_wconf 89' lang='lat' dir='ltr'><strong>non</strong></span> <span class='ocrx_word' id='word_1_78' title='bbox 503 1052 545 1117; x_wconf 80' lang='lat' dir='ltr'><strong>od</strong></span> <span class='ocrx_word' id='word_1_79' title='bbox 578 1073 633 1116; x_wconf 83' lang='lat' dir='ltr'><strong>ees</strong></span> <span class='ocrx_word' id='word_1_80' title='bbox 667 1051 794 1134; x_wconf 79' lang='lat' dir='ltr'><strong>stelles,</strong></span> <span class='ocrx_word' id='word_1_81' title='bbox 827 1068 909 1135; x_wconf 81' lang='lat' dir='ltr'><strong>quae</strong></span> <span class='ocrx_word' id='word_1_82' title='bbox 942 1053 1041 1116; x_wconf 77' lang='lat' dir='ltr'><strong>anteo</strong></span> <span class='ocrx_word' id='word_1_83' title='bbox 1067 1051 1172 1116; x_wconf 83' lang='lat' dir='ltr'><strong>norni-</strong></span> 
     </span>
     <span class='ocr_line' id='line_1_11' title="bbox 150 1134 1174 1225; baseline 0 -21"><span class='ocrx_word' id='word_1_84' title='bbox 150 1141 247 1205; x_wconf 85' lang='lat' dir='ltr'><strong>netoe</strong></span> <span class='ocrx_word' id='word_1_85' title='bbox 269 1143 393 1224; x_wconf 81' lang='lat' dir='ltr'><strong>essent,</strong></span> <span class='ocrx_word' id='word_1_86' title='bbox 416 1141 580 1225; x_wconf 75' lang='lat' dir='ltr'><strong>retulisse,</strong></span> <span class='ocrx_word' id='word_1_87' title='bbox 608 1139 665 1204; x_wconf 75' lang='lat' dir='ltr'><strong>sed</strong></span> <span class='ocrx_word' id='word_1_88' title='bbox 688 1140 729 1204; x_wconf 74' lang='lat' dir='ltr'><strong>nd</strong></span> <span class='ocrx_word' id='word_1_89' title='bbox 752 1134 954 1223; x_wconf 74' lang='grc' dir='ltr'><strong><em>ἀνωνύμους</em></strong></span> <span class='ocrx_word' id='word_1_90' title='bbox 973 1138 1067 1223; x_wconf 74' lang='lat' dir='ltr'><strong>illae,</strong></span> <span class='ocrx_word' id='word_1_91' title='bbox 1096 1160 1174 1224; x_wconf 78' lang='lat' dir='ltr'><strong>qun·</strong></span> 
     </span>
     <span class='ocr_line' id='line_1_12' title="bbox 151 1228 1173 1312; baseline 0 -20"><span class='ocrx_word' id='word_1_92' title='bbox 151 1250 223 1293; x_wconf 90' lang='lat' dir='ltr'><strong>rum</strong></span> <span class='ocrx_word' id='word_1_93' title='bbox 247 1232 362 1312; x_wconf 76' lang='lat' dir='ltr'><strong>postea</strong></span> <span class='ocrx_word' id='word_1_94' title='bbox 385 1252 415 1296; x_wconf 89' lang='lat' dir='ltr'><strong>u.</strong></span> <span class='ocrx_word' id='word_1_95' title='bbox 434 1229 498 1293; x_wconf 81' lang='lat'><strong>391</strong></span> <span class='ocrx_word' id='word_1_96' title='bbox 519 1229 642 1293; x_wconf 80' lang='lat' dir='ltr'><strong>Aratus</strong></span> <span class='ocrx_word' id='word_1_97' title='bbox 660 1229 862 1294; x_wconf 85' lang='lat' dir='ltr'><strong>mentionem</strong></span> <span class='ocrx_word' id='word_1_98' title='bbox 879 1228 1021 1293; x_wconf 78' lang='lat' dir='ltr'><strong>feoioeet.</strong></span> <span class='ocrx_word' id='word_1_99' title='bbox 1060 1229 1173 1312; x_wconf 82' lang='lat' dir='ltr'><strong>itoque</strong></span> 
     </span>
     <span class='ocr_line' id='line_1_13' title="bbox 151 1315 1173 1382; baseline 0.002 -2"><span class='ocrx_word' id='word_1_100' title='bbox 151 1317 206 1381; x_wconf 90' lang='lat' dir='ltr'><strong>ille</strong></span> <span class='ocrx_word' id='word_1_101' title='bbox 234 1317 400 1382; x_wconf 89' lang='lat' dir='ltr'><strong>ineuntem</strong></span> <span class='ocrx_word' id='word_1_102' title='bbox 427 1338 558 1381; x_wconf 85' lang='lat' dir='ltr'><strong>uersum</strong></span> <span class='ocrx_word' id='word_1_103' title='bbox 581 1315 702 1382; x_wconf 86' lang='lat' dir='ltr'><strong>Auieni</strong></span> <span class='ocrx_word' id='word_1_104' title='bbox 727 1318 774 1382; x_wconf 85' lang='lat' dir='ltr'><strong>ita</strong></span> <span class='ocrx_word' id='word_1_105' title='bbox 798 1316 970 1382; x_wconf 70' lang='lat' dir='ltr'><strong>emendare</strong></span> <span class='ocrx_word' id='word_1_106' title='bbox 993 1316 1058 1382; x_wconf 84' lang='lat' dir='ltr'>sibi</span> <span class='ocrx_word' id='word_1_107' title='bbox 1083 1317 1173 1382; x_wconf 78' lang='lat' dir='ltr'><strong>uisus</strong></span> 
     </span>
     <span class='ocr_line' id='line_1_14' title="bbox 152 1403 1173 1490; baseline 0 -21"><span class='ocrx_word' id='word_1_108' title='bbox 152 1409 212 1489; x_wconf 78' lang='lat' dir='ltr'><strong>eet,</strong></span> <span class='ocrx_word' id='word_1_109' title='bbox 234 1407 271 1468; x_wconf 91' lang='lat' dir='ltr'><strong>ut</strong></span> <span class='ocrx_word' id='word_1_110' title='bbox 289 1405 459 1470; x_wconf 72' lang='lat' dir='ltr'>scriberet:</span> <span class='ocrx_word' id='word_1_111' title='bbox 480 1403 536 1470; x_wconf 91' lang='lat' dir='ltr'><strong>Ne</strong></span> <span class='ocrx_word' id='word_1_112' title='bbox 559 1404 770 1490; x_wconf 80' lang='lat' dir='ltr'><strong>spectando</strong></span> <span class='ocrx_word' id='word_1_113' title='bbox 788 1405 935 1488; x_wconf 75' lang='lat' dir='ltr'><strong>forent,</strong></span> <span class='ocrx_word' id='word_1_114' title='bbox 955 1426 1027 1469; x_wconf 88' lang='lat' dir='ltr'><strong>oum</strong></span> <span class='ocrx_word' id='word_1_115' title='bbox 1045 1405 1080 1469; x_wconf 92' lang='lat' dir='ltr'><strong>in</strong></span> <span class='ocrx_word' id='word_1_116' title='bbox 1098 1405 1173 1469; x_wconf 88' lang='lat' dir='ltr'><strong>reli·</strong></span> 
     </span>
     <span class='ocr_line' id='line_1_15' title="bbox 151 1493 1174 1578; baseline 0 -20"><span class='ocrx_word' id='word_1_117' title='bbox 151 1493 223 1578; x_wconf 81' lang='lat' dir='ltr'><strong>quio</strong></span> <span class='ocrx_word' id='word_1_118' title='bbox 251 1494 362 1558; x_wconf 84' lang='lat' dir='ltr'><strong>uerbis</strong></span> <span class='ocrx_word' id='word_1_119' title='bbox 388 1513 454 1559; x_wconf 88' lang='lat' dir='ltr'><strong>non</strong></span> <span class='ocrx_word' id='word_1_120' title='bbox 478 1494 661 1559; x_wconf 78' lang='lat' dir='ltr'><strong>offenderet</strong></span> <span class='ocrx_word' id='word_1_121' title='bbox 707 1512 772 1578; x_wconf 86' lang='lat' dir='ltr'><strong>que</strong></span> <span class='ocrx_word' id='word_1_122' title='bbox 794 1494 978 1560; x_wconf 81' lang='lat' dir='ltr'><strong>oonieoturo</strong></span> <span class='ocrx_word' id='word_1_123' title='bbox 1001 1493 1079 1578; x_wconf 92' lang='lat' dir='ltr'><strong>quid</strong></span> <span class='ocrx_word' id='word_1_124' title='bbox 1100 1515 1174 1577; x_wconf 88' lang='lat' dir='ltr'><strong>per·</strong></span> 
     </span>
    </p>
   </div>
   <div class='ocr_carea' id='block_1_4' title="bbox 150 1579 1278 1758">
    <p class='ocr_par' dir='ltr' id='par_1_4' title="bbox 150 1579 1278 1758">
     <span class='ocr_line' id='line_1_16' title="bbox 151 1579 1278 1667; baseline 0.004 -20"><span class='ocrx_word' id='word_1_125' title='bbox 151 1582 273 1667; x_wconf 83' lang='lat' dir='ltr'><strong>feeerit,</strong></span> <span class='ocrx_word' id='word_1_126' title='bbox 296 1604 348 1648; x_wconf 89' lang='lat' dir='ltr'><strong>me</strong></span> <span class='ocrx_word' id='word_1_127' title='bbox 371 1603 438 1648; x_wconf 87' lang='lat' dir='ltr'><strong>non</strong></span> <span class='ocrx_word' id='word_1_128' title='bbox 460 1581 570 1648; x_wconf 83' lang='lat' dir='ltr'><strong>uidere</strong></span> <span class='ocrx_word' id='word_1_129' title='bbox 591 1583 708 1648; x_wconf 74' lang='lat' dir='ltr'><strong>fateor.</strong></span> <span class='ocrx_word' id='word_1_130' title='bbox 748 1604 808 1648; x_wconf 85' lang='lat' dir='ltr'><strong>neo</strong></span> <span class='ocrx_word' id='word_1_131' title='bbox 827 1579 939 1647; x_wconf 78' lang='lat' dir='ltr'><strong>Oioero</strong></span> <span class='ocrx_word' id='word_1_132' title='bbox 963 1584 1021 1648; x_wconf 85' lang='lat' dir='ltr'><strong>out</strong></span> <span class='ocrx_word' id='word_1_133' title='bbox 1038 1580 1173 1648; x_wconf 81' lang='lat' dir='ltr'><strong>Germa-</strong></span> <span class='ocrx_word' id='word_1_134' title='bbox 1277 1641 1278 1652; x_wconf 70' lang='grc'>,</span> 
     </span>
     <span class='ocr_line' id='line_1_17' title="bbox 150 1668 1278 1758; baseline 0.005 -22"><span class='ocrx_word' id='word_1_135' title='bbox 150 1672 243 1737; x_wconf 67' lang='lat' dir='ltr'><strong>mous</strong></span> <span class='ocrx_word' id='word_1_136' title='bbox 267 1670 344 1736; x_wconf 82' lang='lat' dir='ltr'><strong>huie</strong></span> <span class='ocrx_word' id='word_1_137' title='bbox 367 1673 439 1737; x_wconf 83' lang='lat' dir='ltr'><strong>loeo</strong></span> <span class='ocrx_word' id='word_1_138' title='bbox 464 1672 604 1737; x_wconf 81' lang='lat' dir='ltr'><strong>rolutem</strong></span> <span class='ocrx_word' id='word_1_139' title='bbox 628 1672 767 1737; x_wconf 82' lang='lat' dir='ltr'><strong>offerunt</strong></span> <span class='ocrx_word' id='word_1_140' title='bbox 790 1668 846 1758; x_wconf 84' lang='lat' dir='ltr'><strong>(ef.</strong></span> <span class='ocrx_word' id='word_1_141' title='bbox 863 1668 1031 1737; x_wconf 73' lang='lat' dir='ltr'><strong>Ciceronis</strong></span> <span class='ocrx_word' id='word_1_142' title='bbox 1052 1671 1173 1736; x_wconf 77' lang='lat' dir='ltr'><strong>Aratea</strong></span> <span class='ocrx_word' id='word_1_143' title='bbox 1277 1671 1278 1742; x_wconf 52' lang='grc' dir='ltr'>ἲ</span> 
     </span>
    </p>
   </div>
   <div class='ocr_carea' id='block_1_5' title="bbox 150 1758 1175 3529">
    <p class='ocr_par' dir='ltr' id='par_1_5' title="bbox 150 1758 1174 2820">
     <span class='ocr_line' id='line_1_18' title="bbox 153 1758 1172 1846; baseline 0.001 -22"><span class='ocrx_word' id='word_1_144' title='bbox 153 1761 217 1825; x_wconf 85' lang='grc'><strong>164</strong></span> <span class='ocrx_word' id='word_1_145' title='bbox 232 1778 300 1844; x_wconf 80' lang='lat' dir='ltr'><strong>sqq.</strong></span> <span class='ocrx_word' id='word_1_146' title='bbox 337 1758 519 1826; x_wconf 81' lang='lat' dir='ltr'><strong>Germanic.</strong></span> <span class='ocrx_word' id='word_1_147' title='bbox 543 1759 717 1846; x_wconf 51' lang='grc' dir='ltr'><strong>Μῶφι).</strong></span> <span class='ocrx_word' id='word_1_148' title='bbox 760 1759 860 1845; x_wconf 81' lang='lat' dir='ltr'><strong>quid?</strong></span> <span class='ocrx_word' id='word_1_149' title='bbox 901 1760 988 1844; x_wconf 85' lang='lat' dir='ltr'><strong>quod</strong></span> <span class='ocrx_word' id='word_1_150' title='bbox 1011 1759 1081 1823; x_wconf 88' lang='lat' dir='ltr'><strong>fieri</strong></span> <span class='ocrx_word' id='word_1_151' title='bbox 1104 1775 1172 1825; x_wconf 83' lang='lat' dir='ltr'><strong>oon</strong></span> 
     </span>
     <span class='ocr_line' id='line_1_19' title="bbox 151 1848 1173 1932; baseline -0.001 -19"><span class='ocrx_word' id='word_1_152' title='bbox 151 1851 268 1932; x_wconf 81' lang='lat' dir='ltr'><strong>potest,</strong></span> <span class='ocrx_word' id='word_1_153' title='bbox 291 1850 330 1912; x_wconf 86' lang='lat' dir='ltr'><strong>ut</strong></span> <span class='ocrx_word' id='word_1_154' title='bbox 352 1848 499 1912; x_wconf 82' lang='lat' dir='ltr'><strong>Auienus</strong></span> <span class='ocrx_word' id='word_1_155' title='bbox 522 1848 597 1912; x_wconf 80' lang='lat' dir='ltr'><strong>illos</strong></span> <span class='ocrx_word' id='word_1_156' title='bbox 620 1848 734 1912; x_wconf 78' lang='lat' dir='ltr'><strong>stellas</strong></span> <span class='ocrx_word' id='word_1_157' title='bbox 757 1851 858 1932; x_wconf 85' lang='lat' dir='ltr'><strong>ponto</strong></span> <span class='ocrx_word' id='word_1_158' title='bbox 882 1867 991 1913; x_wconf 83' lang='lat' dir='ltr'><strong>oerore</strong></span> <span class='ocrx_word' id='word_1_159' title='bbox 1014 1849 1036 1914; x_wconf 60' lang='lat' dir='ltr'><strong>ir</strong></span> <span class='ocrx_word' id='word_1_160' title='bbox 1055 1867 1082 1913; x_wconf 85' lang='lat' dir='ltr'><strong>e.</strong></span> <span class='ocrx_word' id='word_1_161' title='bbox 1105 1869 1173 1913; x_wconf 88' lang='lat' dir='ltr'><strong>non</strong></span> 
     </span>
     <span class='ocr_line' id='line_1_20' title="bbox 150 1935 1172 2020; baseline 0.001 -19"><span class='ocrx_word' id='word_1_162' title='bbox 150 1935 297 2002; x_wconf 76' lang='lat' dir='ltr'><strong>oecidere</strong></span> <span class='ocrx_word' id='word_1_163' title='bbox 322 1935 447 2003; x_wconf 84' lang='lat' dir='ltr'><strong>dixerit</strong></span> <span class='ocrx_word' id='word_1_164' title='bbox 485 1935 610 2004; x_wconf 84' lang='lat' dir='ltr'><strong>eeoedit</strong></span> <span class='ocrx_word' id='word_1_165' title='bbox 632 1937 717 2020; x_wconf 91' lang='lat' dir='ltr'><strong>quod</strong></span> <span class='ocrx_word' id='word_1_166' title='bbox 740 1937 818 2002; x_wconf 81' lang='lat' dir='ltr'><strong>illos</strong></span> <span class='ocrx_word' id='word_1_167' title='bbox 835 1936 922 2003; x_wconf 79' lang='lat' dir='ltr'><strong>soloe</strong></span> <span class='ocrx_word' id='word_1_168' title='bbox 941 1940 1043 2020; x_wconf 80' lang='lat' dir='ltr'><strong>ponto</strong></span> <span class='ocrx_word' id='word_1_169' title='bbox 1063 1956 1172 2002; x_wconf 71' lang='lat' dir='ltr'><strong>onere</strong></span> 
     </span>
     <span class='ocr_line' id='line_1_21' title="bbox 150 2024 1173 2110; baseline 0 -19"><span class='ocrx_word' id='word_1_170' title='bbox 150 2029 268 2092; x_wconf 77' lang='lat' dir='ltr'><strong>censet.</strong></span> <span class='ocrx_word' id='word_1_171' title='bbox 314 2026 400 2110; x_wconf 88' lang='lat' dir='ltr'><strong>quod</strong></span> <span class='ocrx_word' id='word_1_172' title='bbox 428 2026 457 2090; x_wconf 81' lang='lat' dir='ltr'><strong>oi</strong></span> <span class='ocrx_word' id='word_1_173' title='bbox 484 2025 685 2110; x_wconf 72' lang='lat' dir='ltr'><strong>tradidisset,</strong></span> <span class='ocrx_word' id='word_1_174' title='bbox 714 2024 778 2090; x_wconf 80' lang='lat' dir='ltr'><strong>sibi</strong></span> <span class='ocrx_word' id='word_1_175' title='bbox 806 2025 877 2109; x_wconf 83' lang='lat' dir='ltr'><strong>ipre</strong></span> <span class='ocrx_word' id='word_1_176' title='bbox 903 2045 971 2090; x_wconf 91' lang='lat' dir='ltr'><strong>non</strong></span> <span class='ocrx_word' id='word_1_177' title='bbox 999 2029 1173 2110; x_wconf 75' lang='lat' dir='ltr'><strong>constaret,</strong></span> 
     </span>
     <span class='ocr_line' id='line_1_22' title="bbox 151 2113 1173 2199; baseline -0.001 -20"><span class='ocrx_word' id='word_1_178' title='bbox 151 2135 225 2182; x_wconf 88' lang='lat' dir='ltr'><strong>oum</strong></span> <span class='ocrx_word' id='word_1_179' title='bbox 248 2135 278 2178; x_wconf 92' lang='lat' dir='ltr'><strong>u.</strong></span> <span class='ocrx_word' id='word_1_180' title='bbox 301 2114 366 2180; x_wconf 82' lang='lat'><strong>115</strong></span> <span class='ocrx_word' id='word_1_181' title='bbox 386 2133 479 2180; x_wconf 77' lang='lat' dir='ltr'><strong>ursos</strong></span> <span class='ocrx_word' id='word_1_182' title='bbox 503 2132 574 2180; x_wconf 79' lang='lat' dir='ltr'><strong>esse</strong></span> <span class='ocrx_word' id='word_1_183' title='bbox 598 2113 719 2180; x_wconf 76' lang='lat' dir='ltr'><strong>‘neseio</strong></span> <span class='ocrx_word' id='word_1_184' title='bbox 742 2115 837 2199; x_wconf 80' lang='lat' dir='ltr'><strong>signo</strong></span> <span class='ocrx_word' id='word_1_185' title='bbox 859 2113 940 2179; x_wconf 74' lang='lat' dir='ltr'><strong>uelis</strong></span> <span class='ocrx_word' id='word_1_186' title='bbox 957 2115 1173 2198; x_wconf 65' lang='lat' dir='ltr'><strong>nocturnique</strong></span> 
     </span>
     <span class='ocr_line' id='line_1_23' title="bbox 151 2201 1173 2270; baseline -0.002 -1"><span class='ocrx_word' id='word_1_187' title='bbox 151 2203 256 2269; x_wconf 81' lang='lat' dir='ltr'><strong>inscie</strong></span> <span class='ocrx_word' id='word_1_188' title='bbox 279 2202 385 2268; x_wconf 82' lang='lat' dir='ltr'><strong>eosus’</strong></span> <span class='ocrx_word' id='word_1_189' title='bbox 409 2205 542 2270; x_wconf 79' lang='lat' dir='ltr'><strong>ouetore</strong></span> <span class='ocrx_word' id='word_1_190' title='bbox 561 2203 672 2268; x_wconf 79' lang='lat' dir='ltr'><strong>Arato.</strong></span> <span class='ocrx_word' id='word_1_191' title='bbox 688 2225 747 2269; x_wconf 81' lang='lat' dir='ltr'><strong>ouo</strong></span> <span class='ocrx_word' id='word_1_192' title='bbox 769 2201 888 2268; x_wconf 80' lang='lat' dir='ltr'><strong>diserte</strong></span> <span class='ocrx_word' id='word_1_193' title='bbox 906 2202 1078 2269; x_wconf 74' lang='lat' dir='ltr'><strong>docuisset</strong></span> <span class='ocrx_word' id='word_1_194' title='bbox 1113 2203 1173 2268; x_wconf 80' lang='lat' dir='ltr'><strong>itu·</strong></span> 
     </span>
     <span class='ocr_line' id='line_1_24' title="bbox 151 2291 1173 2378; baseline 0 -22"><span class='ocrx_word' id='word_1_195' title='bbox 151 2313 212 2378; x_wconf 89' lang='lat' dir='ltr'><strong>que</strong></span> <span class='ocrx_word' id='word_1_196' title='bbox 243 2312 285 2356; x_wconf 90' lang='lat' dir='ltr'><strong>ne</strong></span> <span class='ocrx_word' id='word_1_197' title='bbox 318 2292 454 2357; x_wconf 82' lang='lat' dir='ltr'><strong>ultorem</strong></span> <span class='ocrx_word' id='word_1_198' title='bbox 486 2291 617 2376; x_wconf 86' lang='lat' dir='ltr'><strong>quidem</strong></span> <span class='ocrx_word' id='word_1_199' title='bbox 649 2302 773 2357; x_wconf 83' lang='lat' dir='ltr'><strong>uorons&#39;</strong></span> <span class='ocrx_word' id='word_1_200' title='bbox 795 2294 923 2376; x_wconf 83' lang='lat' dir='ltr'><strong>purtem</strong></span> <span class='ocrx_word' id='word_1_201' title='bbox 954 2310 1069 2358; x_wconf 78' lang='grc' dir='ltr'><strong>ιιιιιιιιιι</strong></span> <span class='ocrx_word' id='word_1_202' title='bbox 1102 2313 1173 2356; x_wconf 78' lang='lat' dir='ltr'><strong>erro</strong></span> 
     </span>
     <span class='ocr_line' id='line_1_25' title="bbox 150 2377 1173 2466; baseline 0 -21"><span class='ocrx_word' id='word_1_203' title='bbox 150 2384 250 2466; x_wconf 80' lang='lat' dir='ltr'><strong>putet</strong></span> <span class='ocrx_word' id='word_1_204' title='bbox 301 2381 387 2465; x_wconf 91' lang='lat' dir='ltr'><strong>quod</strong></span> <span class='ocrx_word' id='word_1_205' title='bbox 419 2381 523 2446; x_wconf 72' lang='lat' dir='ltr'><strong>sensit</strong></span> <span class='ocrx_word' id='word_1_206' title='bbox 554 2377 766 2465; x_wconf 76' lang='lat' dir='ltr'><strong>Sohrnderuo,</strong></span> <span class='ocrx_word' id='word_1_207' title='bbox 797 2381 889 2445; x_wconf 69' lang='lat' dir='ltr'><strong>ouius</strong></span> <span class='ocrx_word' id='word_1_208' title='bbox 922 2380 1173 2447; x_wconf 79' lang='lat' dir='ltr'><strong>commentarius</strong></span> 
     </span>
     <span class='ocr_line' id='line_1_26' title="bbox 150 2469 1174 2554; baseline 0 -20"><span class='ocrx_word' id='word_1_209' title='bbox 150 2469 231 2534; x_wconf 83' lang='lat' dir='ltr'><strong>haec</strong></span> <span class='ocrx_word' id='word_1_210' title='bbox 263 2470 398 2554; x_wconf 81' lang='lat' dir='ltr'><strong>praebet</strong></span> <span class='ocrx_word' id='word_1_211' title='bbox 429 2473 563 2535; x_wconf 80' lang='lat' dir='ltr'><strong>nouato:</strong></span> <span class='ocrx_word' id='word_1_212' title='bbox 600 2469 740 2534; x_wconf 89' lang='lat' dir='ltr'><strong>mundo</strong></span> <span class='ocrx_word' id='word_1_213' title='bbox 774 2489 841 2534; x_wconf 87' lang='lat' dir='ltr'><strong>eeu</strong></span> <span class='ocrx_word' id='word_1_214' title='bbox 874 2470 958 2535; x_wconf 81' lang='lat' dir='ltr'><strong>oola</strong></span> <span class='ocrx_word' id='word_1_215' title='bbox 992 2469 1174 2534; x_wconf 70' lang='lat' dir='ltr'><strong>laterent.</strong></span> 
     </span>
     <span class='ocr_line' id='line_1_27' title="bbox 151 2555 1174 2643; baseline 0 -21"><span class='ocrx_word' id='word_1_216' title='bbox 151 2579 233 2643; x_wconf 75' lang='lat' dir='ltr'><strong>quoe</strong></span> <span class='ocrx_word' id='word_1_217' title='bbox 266 2579 339 2624; x_wconf 85' lang='lat' dir='ltr'><strong>oum</strong></span> <span class='ocrx_word' id='word_1_218' title='bbox 373 2557 526 2624; x_wconf 79' lang='lat' dir='ltr'><strong>eudaoioe</strong></span> <span class='ocrx_word' id='word_1_219' title='bbox 558 2577 659 2643; x_wconf 83' lang='lat' dir='ltr'><strong>quem</strong></span> <span class='ocrx_word' id='word_1_220' title='bbox 685 2559 794 2623; x_wconf 87' lang='lat' dir='ltr'><strong>uerius</strong></span> <span class='ocrx_word' id='word_1_221' title='bbox 823 2557 910 2623; x_wconf 79' lang='lat' dir='ltr'><strong>dioto</strong></span> <span class='ocrx_word' id='word_1_222' title='bbox 937 2577 1010 2623; x_wconf 81' lang='lat' dir='ltr'><strong>erse</strong></span> <span class='ocrx_word' id='word_1_223' title='bbox 1035 2555 1174 2642; x_wconf 79' lang='lat' dir='ltr'><strong>uideam,</strong></span> 
     </span>
     <span class='ocr_line' id='line_1_28' title="bbox 150 2645 1174 2731; baseline -0.001 -20"><span class='ocrx_word' id='word_1_224' title='bbox 150 2647 237 2712; x_wconf 87' lang='lat' dir='ltr'><strong>idem</strong></span> <span class='ocrx_word' id='word_1_225' title='bbox 255 2667 370 2714; x_wconf 86' lang='lat' dir='ltr'><strong>uereor</strong></span> <span class='ocrx_word' id='word_1_226' title='bbox 388 2667 430 2712; x_wconf 91' lang='lat' dir='ltr'><strong>ne</strong></span> <span class='ocrx_word' id='word_1_227' title='bbox 448 2648 482 2712; x_wconf 93' lang='lat' dir='ltr'><strong>in</strong></span> <span class='ocrx_word' id='word_1_228' title='bbox 500 2664 554 2714; x_wconf 85' lang='lat' dir='ltr'><strong>me</strong></span> <span class='ocrx_word' id='word_1_229' title='bbox 571 2648 674 2730; x_wconf 77' lang='lat' dir='ltr'><strong>eadat,</strong></span> <span class='ocrx_word' id='word_1_230' title='bbox 693 2647 749 2731; x_wconf 89' lang='lat' dir='ltr'><strong>qui</strong></span> <span class='ocrx_word' id='word_1_231' title='bbox 765 2647 845 2712; x_wconf 71' lang='lat' dir='ltr'><strong>haee</strong></span> <span class='ocrx_word' id='word_1_232' title='bbox 859 2667 1040 2731; x_wconf 74' lang='lat' dir='ltr'><strong>proponere</strong></span> <span class='ocrx_word' id='word_1_233' title='bbox 1055 2645 1174 2712; x_wconf 68' lang='lat' dir='ltr'><strong>emim:</strong></span> 
     </span>
     <span class='ocr_line' id='line_1_29' title="bbox 177 2735 1147 2820; baseline -0.001 -20"><span class='ocrx_word' id='word_1_234' title='bbox 177 2736 270 2800; x_wconf 83' lang='lat' dir='ltr'><strong>haee</strong></span> <span class='ocrx_word' id='word_1_235' title='bbox 284 2736 462 2820; x_wconf 73' lang='lat' dir='ltr'><strong>spectanda</strong></span> <span class='ocrx_word' id='word_1_236' title='bbox 475 2737 591 2820; x_wconf 81' lang='lat' dir='ltr'><strong>forent,</strong></span> <span class='ocrx_word' id='word_1_237' title='bbox 607 2736 732 2800; x_wconf 75' lang='lat' dir='ltr'><strong>formu</strong></span> <span class='ocrx_word' id='word_1_238' title='bbox 742 2735 823 2800; x_wconf 82' lang='lat' dir='ltr'><strong>nisi</strong></span> <span class='ocrx_word' id='word_1_239' title='bbox 838 2739 976 2801; x_wconf 82' lang='lat' dir='ltr'><strong>ennete</strong></span> <span class='ocrx_word' id='word_1_240' title='bbox 990 2739 1147 2802; x_wconf 73' lang='lat' dir='ltr'><strong>tererent.</strong></span> 
     </span>
    </p>

    <p class='ocr_par' dir='ltr' id='par_1_6' title="bbox 150 2824 1173 2997">
     <span class='ocr_line' id='line_1_30' title="bbox 151 2824 1173 2910; baseline 0.002 -22"><span class='ocrx_word' id='word_1_241' title='bbox 151 2824 312 2910; x_wconf 79' lang='lat' dir='ltr'><strong>siquidem</strong></span> <span class='ocrx_word' id='word_1_242' title='bbox 333 2825 423 2908; x_wconf 89' lang='lat' dir='ltr'><strong>quod</strong></span> <span class='ocrx_word' id='word_1_243' title='bbox 441 2824 585 2890; x_wconf 71' lang='lat' dir='ltr'><strong>Auienus</strong></span> <span class='ocrx_word' id='word_1_244' title='bbox 608 2824 760 2892; x_wconf 76' lang='lat' dir='ltr'><strong>uoluerat</strong></span> <span class='ocrx_word' id='word_1_245' title='bbox 780 2825 983 2910; x_wconf 70' lang='lat' dir='ltr'><strong>cogitatione</strong></span> <span class='ocrx_word' id='word_1_246' title='bbox 1005 2826 1173 2890; x_wconf 65' lang='lat' dir='ltr'><strong>esserum</strong></span> 
     </span>
     <span class='ocr_line' id='line_1_31' title="bbox 150 2911 939 2997; baseline 0.003 -20"><span class='ocrx_word' id='word_1_247' title='bbox 150 2935 237 2997; x_wconf 82' lang='lat' dir='ltr'><strong>sum,</strong></span> <span class='ocrx_word' id='word_1_248' title='bbox 260 2911 293 2976; x_wconf 92' lang='lat' dir='ltr'><strong>id</strong></span> <span class='ocrx_word' id='word_1_249' title='bbox 316 2911 379 2978; x_wconf 86' lang='lat' dir='ltr'><strong>hoo</strong></span> <span class='ocrx_word' id='word_1_250' title='bbox 401 2931 498 2978; x_wconf 78' lang='lat' dir='ltr'><strong>uersu</strong></span> <span class='ocrx_word' id='word_1_251' title='bbox 521 2911 681 2978; x_wconf 77' lang='lat' dir='ltr'><strong>contineri</strong></span> <span class='ocrx_word' id='word_1_252' title='bbox 700 2915 829 2978; x_wconf 82' lang='lat' dir='ltr'><strong>eertum</strong></span> <span class='ocrx_word' id='word_1_253' title='bbox 852 2917 911 2980; x_wconf 77' lang='lat' dir='ltr'><strong>est.</strong></span> <span class='ocrx_word' id='word_1_254' title='bbox 937 2953 939 2960; x_wconf 45' lang='grc' dir='ltr'><strong>ι</strong></span> 
     </span>
    </p>

    <p class='ocr_par' dir='ltr' id='par_1_7' title="bbox 150 2999 1175 3529">
     <span class='ocr_line' id='line_1_32' title="bbox 240 2999 1172 3086; baseline 0 -20"><span class='ocrx_word' id='word_1_255' title='bbox 240 3000 377 3066; x_wconf 81' lang='lat' dir='ltr'><strong>Leniore</strong></span> <span class='ocrx_word' id='word_1_256' title='bbox 400 2999 562 3066; x_wconf 71' lang='lat' dir='ltr'><strong>medicine</strong></span> <span class='ocrx_word' id='word_1_257' title='bbox 584 3004 662 3084; x_wconf 76' lang='lat' dir='ltr'><strong>eget</strong></span> <span class='ocrx_word' id='word_1_258' title='bbox 685 3023 715 3064; x_wconf 90' lang='lat' dir='ltr'><strong>u.</strong></span> <span class='ocrx_word' id='word_1_259' title='bbox 741 3001 837 3066; x_wconf 84' lang='lat'>1014.</span> <span class='ocrx_word' id='word_1_260' title='bbox 863 3002 911 3068; x_wconf 87' lang='lat' dir='ltr'><strong>ibi</strong></span> <span class='ocrx_word' id='word_1_261' title='bbox 925 3000 1021 3082; x_wconf 76' lang='lat' dir='ltr'><strong>&#39;onim</strong></span> <span class='ocrx_word' id='word_1_262' title='bbox 1046 3001 1172 3086; x_wconf 78' lang='lat' dir='ltr'><strong>soripoi:</strong></span> 
     </span>
     <span class='ocr_line' id='line_1_33' title="bbox 151 3087 1174 3176; baseline 0.003 -24"><span class='ocrx_word' id='word_1_263' title='bbox 151 3089 315 3174; x_wconf 78' lang='lat' dir='ltr'><strong>desuper</strong></span> <span class='ocrx_word' id='word_1_264' title='bbox 341 3088 500 3173; x_wconf 91' lang='lat' dir='ltr'><strong>obliquo</strong></span> <span class='ocrx_word' id='word_1_265' title='bbox 524 3088 693 3173; x_wconf 76' lang='lat' dir='ltr'><strong>ontulit,</strong></span> <span class='ocrx_word' id='word_1_266' title='bbox 721 3093 853 3155; x_wconf 61' lang='lat' dir='ltr'><strong>neonus</strong></span> <span class='ocrx_word' id='word_1_267' title='bbox 872 3089 1016 3174; x_wconf 74' lang='lat' dir='ltr'><strong>uestigio</strong></span> <span class='ocrx_word' id='word_1_268' title='bbox 1041 3087 1174 3176; x_wconf 75' lang='lat' dir='ltr'><strong>Georgii</strong></span> 
     </span>
     <span class='ocr_line' id='line_1_34' title="bbox 151 3177 1175 3263; baseline 0.002 -21"><span class='ocrx_word' id='word_1_269' title='bbox 151 3177 276 3262; x_wconf 77' lang='lat' dir='ltr'><strong>Veline,</strong></span> <span class='ocrx_word' id='word_1_270' title='bbox 300 3179 356 3263; x_wconf 92' lang='lat' dir='ltr'><strong>qui</strong></span> <span class='ocrx_word' id='word_1_271' title='bbox 379 3177 480 3243; x_wconf 77' lang='lat' dir='ltr'><strong>hebet</strong></span> <span class='ocrx_word' id='word_1_272' title='bbox 503 3177 647 3242; x_wconf 83' lang='lat' dir='ltr'><strong>oluuia.</strong></span> <span class='ocrx_word' id='word_1_273' title='bbox 685 3178 722 3243; x_wconf 87' lang='lat' dir='ltr'><strong>in</strong></span> <span class='ocrx_word' id='word_1_274' title='bbox 742 3178 879 3263; x_wconf 73' lang='lat' dir='ltr'><strong>reliquie</strong></span> <span class='ocrx_word' id='word_1_275' title='bbox 900 3181 1010 3244; x_wconf 79' lang='lat' dir='ltr'><strong>eutem</strong></span> <span class='ocrx_word' id='word_1_276' title='bbox 1028 3177 1175 3244; x_wconf 75' lang='lat' dir='ltr'><strong>editioni-</strong></span> 
     </span>
     <span class='ocr_line' id='line_1_35' title="bbox 151 3265 1175 3351; baseline 0.003 -21"><span class='ocrx_word' id='word_1_277' title='bbox 151 3267 212 3330; x_wconf 84' lang='lat' dir='ltr'><strong>bur</strong></span> <span class='ocrx_word' id='word_1_278' title='bbox 241 3266 397 3351; x_wconf 82' lang='lat' dir='ltr'><strong>seriptum</strong></span> <span class='ocrx_word' id='word_1_279' title='bbox 425 3270 477 3332; x_wconf 77' lang='lat' dir='ltr'><strong>eet</strong></span> <span class='ocrx_word' id='word_1_280' title='bbox 503 3265 595 3332; x_wconf 73' lang='lat' dir='ltr'><strong>eliis</strong></span> <span class='ocrx_word' id='word_1_281' title='bbox 623 3265 695 3332; x_wconf 85' lang='lat' dir='ltr'><strong>uie.</strong></span> <span class='ocrx_word' id='word_1_282' title='bbox 739 3289 819 3333; x_wconf 77' lang='lat' dir='ltr'><strong>narn</strong></span> <span class='ocrx_word' id='word_1_283' title='bbox 846 3266 1002 3332; x_wconf 74' lang='lat' dir='ltr'><strong>inlibris</strong></span> <span class='ocrx_word' id='word_1_284' title='bbox 1035 3267 1095 3333; x_wconf 80' lang='lat' dir='ltr'><strong>VA</strong></span> <span class='ocrx_word' id='word_1_285' title='bbox 1122 3265 1175 3333; x_wconf 90' lang='lat' dir='ltr'><strong>hio</strong></span> 
     </span>
     <span class='ocr_line' id='line_1_36' title="bbox 150 3354 1174 3441; baseline 0.001 -22"><span class='ocrx_word' id='word_1_286' title='bbox 150 3375 266 3420; x_wconf 74' lang='lat' dir='ltr'><strong>uersus</strong></span> <span class='ocrx_word' id='word_1_287' title='bbox 290 3354 499 3421; x_wconf 75' lang='lat' dir='ltr'><strong>desideratur.</strong></span> <span class='ocrx_word' id='word_1_288' title='bbox 540 3354 706 3440; x_wconf 73' lang='lat' dir='ltr'><strong>obliquam</strong></span> <span class='ocrx_word' id='word_1_289' title='bbox 729 3357 830 3441; x_wconf 84' lang='lat' dir='ltr'><strong>igitur</strong></span> <span class='ocrx_word' id='word_1_290' title='bbox 849 3355 938 3422; x_wconf 86' lang='lat' dir='ltr'><strong>uiem</strong></span> <span class='ocrx_word' id='word_1_291' title='bbox 956 3356 1010 3421; x_wconf 85' lang='lat' dir='ltr'><strong>oeI</strong></span> <span class='ocrx_word' id='word_1_292' title='bbox 1030 3359 1174 3422; x_wconf 72' lang='lat' dir='ltr'><strong>mentum</strong></span> 
     </span>
     <span class='ocr_line' id='line_1_37' title="bbox 152 3443 1018 3529; baseline 0.003 -20"><span class='ocrx_word' id='word_1_293' title='bbox 152 3464 222 3509; x_wconf 81' lang='lat' dir='ltr'><strong>esso</strong></span> <span class='ocrx_word' id='word_1_294' title='bbox 245 3443 302 3510; x_wconf 79' lang='lat' dir='ltr'><strong>olii</strong></span> <span class='ocrx_word' id='word_1_295' title='bbox 324 3443 445 3509; x_wconf 80' lang='lat' dir='ltr'><strong>oiroulo</strong></span> <span class='ocrx_word' id='word_1_296' title='bbox 469 3445 490 3510; x_wconf 91' lang='lat' dir='ltr'><strong>i.</strong></span> <span class='ocrx_word' id='word_1_297' title='bbox 513 3465 540 3509; x_wconf 88' lang='lat' dir='ltr'><strong>e.</strong></span> <span class='ocrx_word' id='word_1_298' title='bbox 564 3444 720 3529; x_wconf 72' lang='lat' dir='ltr'><strong>signifero</strong></span> <span class='ocrx_word' id='word_1_299' title='bbox 744 3443 891 3512; x_wconf 73' lang='lat' dir='ltr'><strong>Auienus</strong></span> <span class='ocrx_word' id='word_1_300' title='bbox 915 3445 1018 3512; x_wconf 77' lang='lat' dir='ltr'><strong>donet</strong></span> 
     </span>
    </p>
   </div>
   <div class='ocr_carea' id='block_1_6' title="bbox 0 0 1296 3890">
    <p class='ocr_par' dir='ltr' id='par_1_8' title="bbox 0 0 1296 3890">
     <span class='ocr_line' id='line_1_38' title="bbox 0 0 1296 3890; baseline 0 0"><span class='ocrx_word' id='word_1_301' title='bbox 0 0 1296 3890; x_wconf 95' lang='lat' dir='ltr'><strong> </strong></span> 
     </span>
    </p>
   </div>
  </div>
 </body>
</html>
