2592 3894
548 227 750 272 —x—

140 353 242 418 iectae
279 352 312 416 in
347 351 546 418 bibliotheca
581 350 686 434 Regia
722 349 944 414 uniuersitatis
979 348 1158 414 litterariae

141 439 366 526 Gottingensis
394 440 622 522 adamantur,
649 442 683 502 et
709 437 843 502 Ioannis
870 436 1039 503 Schraderi
1072 458 1157 502 com·

140 530 317 595 menterius
342 529 563 594 Berolinensis
587 525 641 614 (of.
664 525 802 592 Hermes
823 525 885 590 XV
908 549 938 611 p.
964 525 1027 591 183
1049 547 1082 591 n.
1100 524 1158 612 54)

141 621 174 683 et
196 617 330 684 Ioannis
355 616 570 683 Scheubachii
593 615 716 680 Aratea
738 614 920 698 Lipsiensia
947 612 1002 768 qis.
1026 612 1158 694 Germa·

139 706 205 772 nici
228 707 350 772 Aratea
372 729 403 790 p.
426 704 537 770 XXIX
558 709 592 770 et
615 725 723 790 progr.
747 703 816 769 nrf.
838 726 869 788 p.
891 702 955 768 VII
974 700 997 789 ).

228 794 277 861 Ac
310 795 349 860 de
378 794 537 860 librorum
568 814 668 858 manu
696 793 889 877 scriptorum
917 795 951 856 et
978 791 1156 856 editionum

139 883 340 949 Venetarum
359 883 551 949 auctoritate
570 886 604 946 et
619 881 813 966 cognatione
829 881 876 945 sic
889 880 1009 945 iudicor
1028 881 1155 946 saeculo

137 993 224 1038 nono
253 975 311 1037 aut
337 972 460 1037 decimo
485 970 654 1054 archetypi
676 968 871 1035 Arateorum
894 969 995 1034 fuisse
1019 989 1156 1054 apogra-

138 1060 238 1144 phon,
262 1061 296 1126 in
320 1083 383 1147 quo
408 1064 441 1126 et
458 1083 572 1126 uersus
590 1059 641 1124 illi
658 1062 725 1123 tres
744 1059 820 1142 270,
843 1057 917 1142 570,
943 1057 1028 1122 1079
1048 1062 1158 1123 essent
1289 1139 1290 1144 ἵ

137 1149 246 1215 mutili
269 1152 303 1213 et
324 1173 353 1214 u.
373 1149 439 1214 675
459 1148 695 1213 desideraretur
713 1169 855 1212 caesura.
892 1146 1009 1231 quibus
1028 1146 1154 1211 mendis

138 1257 212 1302 cum
234 1237 499 1303 Vindobonensis
528 1240 562 1301 et
587 1239 716 1320 praeter
744 1256 911 1301 caesuram
934 1258 964 1299 u.
988 1234 1054 1299 675
1076 1234 1156 1300 Am·

137 1325 309 1390 brosianus
344 1329 442 1410 atque
474 1325 633 1389 editiones
665 1323 811 1389 Venetae
843 1324 964 1408 pariter
996 1323 1154 1408 laborent,

138 1413 239 1480 libros
263 1417 394 1481 nostros
418 1435 531 1479 omnes
554 1413 596 1477 ab
618 1413 675 1478 illo
694 1412 883 1498 apographo
901 1412 1064 1496 profectos
1084 1433 1155 1477 esse

137 1523 270 1568 necesse
285 1507 343 1570 est.
366 1524 405 1566 ex
420 1523 483 1587 quo
498 1502 661 1585 descripta
675 1522 744 1566 esse
760 1501 906 1584 suspicor
919 1500 983 1565 duo
998 1501 1155 1585 exempla,

138 1612 274 1676 quorum
306 1613 408 1657 unum
440 1591 503 1656 fuit
530 1592 674 1675 plenum,
707 1590 844 1654 alterum
871 1589 1065 1654 mutilatum.
1115 1611 1156 1654 ex

136 1680 194 1744 illo
222 1684 319 1746 natae
349 1683 426 1746 sunt
453 1678 585 1765 Georgii
612 1679 728 1745 Vallae
756 1681 789 1743 et
816 1677 894 1743 Aldi
920 1676 1060 1742 Manutii
1088 1678 1154 1742 edi-
1284 1719 1290 1749 ι

137 1768 258 1851 tiones,
287 1789 324 1832 ex
347 1767 410 1834 hoc
433 1767 509 1832 libri
532 1789 630 1831 manu
654 1768 787 1831 exarati.
832 1768 898 1831 iam
920 1787 997 1831 uero
1021 1768 1055 1831 et
1076 1766 1154 1831 Am-

136 1855 308 1921 brosianus
332 1878 352 1921 a
374 1854 620 1920 Vindobonensi
643 1858 677 1918 et
696 1853 816 1919 Aldina
839 1877 859 1919 a
881 1855 988 1939 priore
1011 1854 1153 1920 editione

138 1947 266 2010 tentum
289 1944 399 2029 distat,
422 1949 460 2010 ut
481 1944 566 2008 inter
589 1943 736 2027 exempla
757 1943 823 2024 illa,
847 1965 885 2008 ex
908 1943 1024 2028 quibus
1043 1965 1154 2009 mana-

137 2037 264 2119 uerunt,
287 2037 321 2099 et
342 2034 444 2100 libros
468 2033 557 2117 ipsos
581 2033 647 2098 alia
670 2032 819 2115 exempla
837 2033 930 2117 quasi
949 2031 1067 2118 gradus
1086 2053 1155 2098 non

135 2122 267 2206 possint
292 2144 360 2188 non
387 2121 557 2187 interiecta
584 2121 686 2187 fuisse
709 2118 765 2207 (cf.
788 2142 897 2207 progr.
920 2120 988 2186 err.
1011 2144 1042 2205 p.
1064 2120 1153 2208 VII).
1286 2193 1289 2208 .

137 2209 442 2277 Vindobonensium
460 2213 570 2275 autem
588 2210 683 2294 libro,
702 2209 820 2294 quippe
839 2210 895 2294 qui
913 2213 1048 2292 propter
1067 2215 1153 2274 aeta·

136 2300 203 2364 tem
238 2303 273 2364 et
303 2300 536 2383 seripturarum
569 2298 803 2383 praestantiam
835 2297 877 2362 ad
908 2296 1152 2363 similitudinem

135 2387 305 2473 archetypi
328 2388 468 2472 accedat,
491 2387 650 2470 imprimis
673 2386 753 2450 fides
775 2385 926 2450 habenda
948 2386 1080 2471 eiusque
1104 2407 1152 2452 ee·

136 2476 264 2560 quenda
297 2477 475 2542 auctoritas
508 2479 566 2540 est
616 2474 870 2540 Ambrosianum
899 2478 1012 2539 tamen
1039 2496 1078 2539 ex
1105 2496 1153 2540 re

135 2564 278 2630 rentiore
301 2566 449 2650 exemplo
468 2565 642 2629 deductum
660 2584 730 2628 esee
749 2562 904 2628 lectiones
919 2563 1013 2646 ipsae
1031 2567 1152 2628 testan-

135 2655 202 2738 tus,
229 2655 322 2720 uelut
352 2653 502 2738 Iupiter
531 2673 667 2717 succus
696 2654 810 2736 atque
836 2655 1065 2716 anctumnus
1088 2673 1152 2738 ge-

134 2742 257 2806 nitrix
284 2743 465 2808 humerus
493 2741 594 2806 haud
620 2740 799 2806 connitor
822 2737 875 2825 (ci
898 2761 1006 2826 progr.
1029 2738 1096 2805 Eri.
1120 2763 1150 2826 p.

133 2826 189 2916 V).
226 2831 317 2916 atqui
340 2852 413 2896 cum
436 2829 615 2895 editionum
634 2829 833 2895 Venetorum
856 2827 973 2894 similis
994 2828 1078 2893 ratio
1100 2830 1151 2914 sit,

134 2919 236 3003 priori
259 2919 331 3003 plus
354 2917 562 2984 tribuendum
585 2920 636 2982 est
658 2937 756 3002 quam
778 2917 959 3001 posteriori

224 3007 285 3072 His
310 3008 412 3093 igitur
435 3006 630 3071 adiumentis
653 3006 702 3070 ita
723 3027 802 3070 usus
826 3027 912 3090 sum,
939 3007 977 3070 ut
1000 3006 1150 3071 omnibus

135 3095 201 3161 fere
220 3096 398 3180 seripturis,
416 3116 499 3180 quae
518 3093 558 3160 ad
577 3093 846 3179 orthographiam
862 3093 1036 3179 pertinent,
1054 3095 1151 3160 omis·

135 3183 180 3249 sis
202 3185 362 3268 imprimis
384 3184 541 3250 librorum
565 3182 880 3266 manuscriptorum
899 3182 1150 3266 discrepantiam

135 3271 364 3358 gravissimam
386 3276 546 3356 notarem,
569 3270 748 3336 editionum
766 3275 876 3335 autem
894 3291 969 3336 raro
988 3271 1150 3337 rationem

134 3357 299 3444 haberem,
321 3361 385 3426 nisi
407 3360 493 3446 quod
514 3359 609 3426 initio
633 3357 766 3446 Georgii
785 3358 902 3424 Vallae
923 3359 1078 3426 lectiones
1101 3365 1150 3426 at·

133 3448 194 3514 tali
221 3449 329 3532 plures
357 3471 455 3534 quam
481 3451 605 3534 postea
650 3452 684 3513 et
711 3446 818 3532 siquid
840 3447 875 3512 in
898 3445 1018 3513 Aldina
1039 3449 1093 3513 uel
1115 3448 1150 3514 in
