2592 3894
531 222 749 286 -57..

131 361 258 444 nauita,
281 383 379 445 quom
402 362 536 447 longum
559 361 739 426 facilitate
762 365 904 426 curreret
928 385 1060 448 aequor,

132 453 164 514 et
187 471 285 534 quom
308 450 392 514 ruris
417 471 529 515 amans
553 450 663 514 telluri
685 449 773 515 farra
795 450 922 534 parenti

44 555 112 606 1380
131 538 288 603 crederet:
311 538 438 624 ingenti
459 542 551 623 petat
573 539 653 603 haec
676 539 828 624 indagine
852 560 978 624 semper
1159 559 1185 599 55

132 649 188 691 seu
212 627 267 710 qui
290 627 364 691 uela
387 627 470 711 salo,
493 649 549 692 seu
574 627 628 713 qui
652 627 708 691 dat
731 629 856 692 semina
878 632 993 693 terrae.

132 735 191 780 nec
214 737 306 780 mora
329 713 485 799 discendi,
508 716 616 781 breuis
640 715 693 780 hic
715 717 809 781 labor
832 719 865 780 et
888 716 985 782 breue
1007 720 1135 802 tempus

130 803 290 887 poscitur,
312 804 499 870 innumeros
522 804 624 869 habet
646 808 754 870 autem
777 805 937 871 industria
959 806 1093 872 fructus.

130 891 255 956 utilitas
279 895 312 956 tc
335 897 423 957 certa
446 897 566 977 manet,
589 915 800 977 praenoscere
824 897 931 959 motus

43 997 111 1048 1385
131 981 159 1044 si
182 980 263 1044 libet
286 981 389 1046 aerios
414 983 447 1045 01
468 982 718 1066 tempestatibus
740 982 820 1066 ipsis
1159 1001 1185 1043 00

131 1068 226 1133 edere
248 1069 453 1152 principium.
498 1073 532 1134 te
555 1071 695 1154 primum
720 1074 835 1154 sponte
858 1071 1008 1155 procellis
1117 1117 1122 1124 ·

133 1155 257 1221 arcebis
280 1157 415 1242 rapidis,
438 1161 470 1222 10
493 1180 621 1223 rursum
643 1159 789 1242 principe
812 1160 927 1224 fluctus

129 1245 283 1318 uitabunt
306 1245 376 1330 alii,
400 1247 428 1310 si
451 1247 547 1312 certis
571 1247 701 1332 singula
725 1247 826 1331 signis

131 1338 286 1417 tempora·
302 1335 476 1400 discernas.
521 1357 598 1400 nam
621 1335 734 1400 mundi
757 1335 884 1401 cardine
908 1358 1001 1402 uerso

38 1441 111 1492 1390
130 1425 168 1487 ut
191 1425 277 1487 stata
299 1422 464 1489 raucisoni
486 1424 570 1489 redit
592 1424 772 1509 indignatio
796 1425 897 1508 ponti.
1158 1443 1184 1485 es

7 1520 10 1557 l
131 1532 226 1594 saepe
251 1512 369 1576 etenim
392 1533 587 1596 quamquam
611 1513 808 1596 tranquillae
830 1514 937 1578 noctis
961 1514 1081 1580 amictu

130 1599 223 1663 mitia
245 1601 389 1683 protenti
413 1601 616 1686 requiescant
639 1602 732 1684 terga
754 1601 914 1684 profundi.

130 1686 243 1753 doctus
267 1709 412 1753 securam
436 1689 586 1754 subducit
608 1689 649 1754 ab
673 1710 811 1773 aequore
835 1689 971 1755 classem

129 1775 241 1841 nauita
265 1780 298 1841 et
321 1779 433 1842 actaea
454 1779 574 1843 retinet
597 1778 737 1844 statione
759 1778 944 1864 phaselum,

40 1884 203 1934 1335011111
226 1866 406 1930 matutinae
428 1868 611 1950 praesensit
634 1868 729 1952 signa
750 1868 921 1952 procellae.
1158 1886 1184 1926 ⁷⁰

129 1975 269 2038 namque
294 1955 374 2018 alias
399 1956 487 2020 caelo
511 1977 584 2021 cunr
607 1956 703 2021 tertia
726 1955 850 2022 lumina
873 1957 1024 2023 Phoebus

130 2043 262 2126 exserit,
286 2043 341 2108 1110
365 2044 425 2107 sali
447 2044 528 2108 furit
549 2044 753 2128 inplacabilis
776 2045 904 2130 horror,

129 2129 239 2196 adfore
264 2152 359 2215 quem
381 2132 499 2218 pelago
524 2132 675 2197 comitem
699 2132 763 2197 sibi
787 2132 911 2197 dixerat
934 2137 1066 2198 astrum.

129 2218 241 2284 crebro
266 2220 378 2305 quinta
402 2220 517 2286 dehinc
540 2220 596 2285 lux
619 2224 802 2286 commouet
824 2220 1062 2307 Amphitriten,

40 2327 110 2376 1400
131 2328 225 2391 saepe
248 2307 384 2392 inopina
407 2309 486 2373 mali
509 2308 615 2373 clades
638 2309 713 2373 ruit.
760 2309 869 2375 omnia
892 2310 986 2374 certis
1158 2329 1183 2369 ru

128 2395 258 2462 indiciis
280 2397 341 2462 tibi
364 2397 441 2462 luna
464 2397 568 2480 dabit,
593 2419 648 2462 seu
671 2396 753 2462 lucis
776 2397 938 2482 utrimque

129 2506 224 2550 caesa
246 2485 364 2570 facem,
388 2508 444 2551 seu
468 2507 541 2551 cum
563 2488 700 2551 teretem
724 2487 900 2552 concrescit
921 2487 957 2550 in
980 2488 1100 2553 orbem.

130 2574 178 2638 sol
202 2594 330 2658 quoque
353 2578 507 2640 uenturas
532 2575 636 2657 aperit
658 2574 719 2639 tibi
743 2596 838 2659 saepe
860 2575 1034 2660 procellas,

130 2661 235 2726 sidera
257 2662 437 2746 producens
461 2667 588 2728 etcum
613 2663 680 2727 1110
704 2662 810 2726 sidera
833 2663 953 2728 condit.

39 2767 108 2818 1403
172 2748 241 2815 Νο0
265 2749 372 2815 minus
395 2773 435 2816 ex
458 2752 531 2816 aliis
556 2751 660 2817 aderit
682 2771 877 2836 cognoscere
899 2755 1007 2818 motus
1156 2771 1183 2812 eo

203 2981 271 3031 1378
294 2993 378 3045 quom
401 2979 501 3049 scripsi
524 2997 579 3049 quo
603 2979 655 3034 VA
729 2984 798 3033 1373
822 2980 852 3033 01
875 2995 959 3049 quom
977 2977 1142 3048 1001101111-

129 3064 219 3116 quora
243 3047 270 3102 V
285 3047 322 3104 Et
339 3049 410 3117 quot
426 3050 455 3103 A
472 3048 603 3120 Aequora
621 3050 657 3120 el
670 3049 741 3104 ruris
760 3067 773 3104 0
791 3048 861 3104 raris
886 3047 986 3104 Varis
1005 3051 1032 3103 A
1045 3051 1056 3119 ΙΙ
1069 3050 1144 3103 farra

134 3118 161 3172 V
179 3119 256 3175 fama
274 3120 302 3173 A
375 3126 444 3176 1381
467 3136 515 3175 seu
557 3121 587 3176 ui
610 3121 660 3176 dat
682 3138 696 3176 e
719 3137 786 3176 seuo
807 3120 873 3189 quid
892 3121 923 3174 at
945 3120 973 3173 V
988 3137 1055 3193 spuo
1075 3119 1143 3189 quid

128 3192 160 3245 at
178 3190 205 3243 A
270 3195 337 3246 1382
356 3191 402 3246 hic
420 3208 437 3246 0
454 3191 510 3246 huc
534 3139 606 3248 VAe
675 3197 744 3247 1384
761 3207 944 3273 praenoscere
961 3190 995 3273 'V
1009 3207 1143 3275 praenos-

129 3276 190 3315 sere
209 3262 236 3315 A
297 3266 366 3317 1387
384 3261 490 3331 rapidis
514 3261 588 3318 VAe
605 3262 711 3318 rabidis
730 3279 746 3318 0
785 3319 788 3325 ,
808 3267 876 3317 1388
895 3278 982 3331 signis
1000 3263 1051 3319 Ae
1069 3263 1142 3332 ignis

134 3330 160 3385 V
231 3337 299 3387 1333
323 3348 442 3402 aequore
460 3332 511 3387 Ae
535 3340 654 3402 aequore
678 3335 705 3387 V
775 3332 1044 3389 1336111101111
1068 3334 1143 3389 VAe

130 3407 197 3457 1401
218 3403 358 3474 utrimque
383 3402 410 3456 V
425 3405 544 3473 utruque
563 3407 591 3458 A
663 3410 732 3459 1402
752 3420 834 3460 caesa
852 3404 880 3457 A
899 3403 981 3459 Oessa
1004 3405 1056 3474 Vl
1077 3421 1141 3460 con-

128 3473 229 3529 crescit
245 3473 273 3528 A
292 3472 442 3529 concrcssit
466 3474 492 3527 V
