2592 3894
533 175 748 238 ..47-

22 329 108 378 1135
130 312 264 398 longior
286 316 512 400 extremaeque
533 315 646 398 polum
668 314 757 380 subit
778 314 892 403 indiga
914 316 1049 402 caudae,

132 424 233 468 curua
256 399 328 468 Ohii
352 403 440 467 caelo
464 424 537 467 oum
561 406 700 488 surgunt
721 403 856 469 brachia
880 404 973 490 signi.

130 491 256 575 inspice
280 511 337 556 eeu
362 490 475 556 dextra
497 491 656 556 referatur
679 492 720 556 ab
744 493 875 557 aethere
897 494 1012 578 planta

130 579 228 663 inque
251 600 337 664 genu
359 582 488 645 tanturn
511 580 605 645 nixus
627 580 708 663 pede
730 580 876 664 proferat
898 585 1014 647 ortum.

129 667 193 732 iste
215 668 305 752 lyrae
327 669 442 734 rutilat
464 668 681 734 conterminus
705 669 809 754 adque
832 670 891 735 sub
915 670 1010 736 undis

24 773 110 820 1140
131 755 186 820 hic
209 757 351 822 tenebris
375 757 458 841 petit
482 755 607 822 occidui
630 758 867 843 uadaoaerula
889 759 983 843 ponti

131 848 166 909 et
189 865 265 910 mox
288 843 417 910 Oceano
439 848 608 930 reparatur
631 847 735 912 clarus
759 868 828 912 eoo.

130 953 205 998 oum
229 933 330 998 chelis
353 934 455 1019 igitur
476 935 558 1018 pede
580 937 709 999 tantum
731 933 893 1017 promitur
914 956 989 1001 uno.

129 1021 201 1104 ipse
224 1020 339 1087 dehinc
362 1045 476 1088 uersus
498 1025 612 1109 procul
635 1023 669 1087 in
692 1026 790 1107 caput
812 1022 927 1087 ultima
949 1025 1087 1090 monstri

128 1112 225 1195 terga
248 1115 372 1195 manet,
396 1115 518 1195 manet,
542 1111 749 1194 arquitenens
774 1109 849 1174 dum
872 1111 999 1195 spicula
1022 1113 1112 1178 caelo

26 1213 107 1263 1145
128 1201 240 1263 exerat
263 1202 296 1262 et
319 1221 436 1283 supera
457 1201 566 1264 uibret
588 1199 727 1264 bellator
749 1199 784 1262 in
808 1199 930 1265 aethra.

127 1286 190 1352 hoc
214 1287 302 1352 sidus
326 1286 487 1352 reuehunt
509 1288 632 1370 chela03
656 1309 728 1352 crus
752 1288 897 1372 scorpius
920 1289 1004 1373 ipse,

128 1377 236 1440 cetera
259 1396 332 1441 cum
355 1376 476 1461 medio,
497 1377 626 1442 laeuam
650 1380 683 1440 et
707 1380 805 1460 caput
828 1398 948 1462 oraque
972 1399 1100 1443 sursum

128 1483 221 1528 arcus
246 1463 324 1549 agit.
369 1465 475 1530 tribus
498 1465 550 1530 hio
574 1465 707 1530 tandem
730 1466 927 1530 remorantia
950 1466 1098 1532 membra

126 1551 276 1635 partibus
299 1553 448 1639 erigitur,
470 1554 535 1617 tria
557 1556 664 1617 totum
688 1553 825 1636 denique
849 1554 944 1637 signa

26 1657 106 1706 1150
127 1639 303 1706 absoluunt
324 1641 450 1726 pelago.
495 1641 619 1705 mediae
642 1643 713 1706 tum
737 1643 823 1704 serta
846 1663 984 1706 coronae

127 1732 161 1792 et
184 1751 266 1813 quae
289 1727 451 1793 Centauro
475 1728 664 1794 diffimditur
687 1729 807 1793 extima
831 1729 946 1813 cauda,

124 1815 230 1900 prima
252 1818 405 1882 uenenati
428 1839 501 1883 cum
524 1821 640 1903 repunt
662 1817 796 1883 brachia
818 1818 969 1902 monstri,

126 1909 265 1991 surgunt
288 1905 407 1971 Oceani
430 1907 496 1970 iam
519 1907 657 1992 gurgite.
703 1910 736 1971 et
758 1907 874 1971 ultima
897 1907 995 1991 cygni

125 1997 159 2058 et
182 1998 281 2078 caput
303 1994 386 2060 acris
410 1996 485 2081 equi
507 1995 627 2078 premit
650 2015 799 2078 aequora
843 1994 910 2059 iam
933 1995 1047 2078 procul
1069 1995 1133 2062 ista

28 2098 105 2148 1155
126 2083 294 2148 marmoris
318 2083 442 2148 occidui
464 2083 594 2167 penitus
617 2083 739 2166 petiere
762 2082 972 2167 profundum,

123 2170 244 2234 hausta
267 2172 345 2236 salo.
381 2174 479 2256 caput
499 2170 724 2236 Andromedae
748 2170 833 2236 freta
855 2174 951 2237 uasta
972 2176 1141 2258 receptant

125 2280 162 2323 ac
185 2257 396 2325 formidatam
419 2259 535 2324 deuexi
558 2259 687 2324 cardine
710 2259 822 2324 mundi

66 2390 85 2406 a
124 2346 288 2432 fluctigeni
312 2349 450 2432 speciem
473 2348 613 2413 monstri
637 2370 735 2433 super
757 2349 881 2413 inuehit
905 2352 1025 2414 auster.

124 2433 180 2500 sed
203 2435 320 2502 boreae
344 2437 382 2502 de
405 2441 498 2521 parte
521 2437 623 2502 trucis
645 2437 737 2501 uelut
759 2456 878 2521 aggere
902 2439 942 2502 ab
969 2438 1035 2502 alto

197 2650 264 2700 1135
284 2648 481 2715 extremaeque
495 2647 523 2701 A
542 2647 720 2716 extremeque
740 2646 767 2700 V
778 2649 788 2716 ss
800 2645 898 2714 indiga
916 2662 932 2700 υ
952 2645 1046 2701 indica
1066 2647 1140 2704 VAe

125 2721 194 2770 1135
218 2733 281 2771 oum
304 2719 422 2786 surgunt
440 2717 555 2773 Grottrra
577 2718 749 2787 eonsurgunt
772 2717 824 2770 VA
841 2719 851 2786 u
870 2715 944 2786 signi
962 2718 989 2771 A
1012 2716 1092 2788 signa
1116 2721 1143 2774 V

124 2791 193 2842 1159
207 2788 286 2857 lyrae
299 2786 329 2840 A
342 2787 402 2855 lyra
423 2787 449 2842 V
485 2793 553 2844 1140
571 2788 645 2844 uada
660 2787 810 2844 Scluadert
828 2789 1036 2844 manantur-tar
1048 2790 1138 2846 Berol.

121 2856 329 2914 ammoneatur
346 2875 421 2928 uaga
444 2858 471 2912 V
486 2857 554 2930 iuga
572 2859 600 2914 A
673 2864 742 2914 1146
760 2860 814 2914 hoe
832 2859 860 2913 A
878 2859 949 2913 haec
973 2859 1020 2929 Vll
1033 2877 1096 2914 crus
1117 2861 1142 2915 V

120 2931 186 2984 trux
204 2929 255 2997 At
273 2928 333 3000 ipse
358 2928 384 2982 V
399 2928 461 3000 ipso
479 2931 507 2984 A
580 2935 649 2985 1148
667 2929 840 2986 remorantia
857 2931 885 2984 A
904 2930 1018 2986 Grotius
1036 2949 1139 2988 memo·

120 2999 214 3056 rantia
238 3000 265 3054 V
336 3005 403 3056 1151
428 3004 457 3056 et
480 3018 552 3071 quae
571 3002 686 3057 Gratim
704 3001 801 3070 Exque
825 3001 877 3056 VA
895 3002 904 3070 ΙΙ
924 3001 1029 3056 extima
1052 3002 1078 3055 V
1098 3003 1140 3056 ul·

120 3070 192 3126 tima
209 3072 237 3126 A
312 3077 381 3127 1152
400 3073 533 3128 uenerati
551 3073 578 3128 A
597 3089 707 3128 uenena
731 3073 757 3128 V
829 3077 897 3127 1153
918 3071 1023 3127 Oceani
1041 3074 1141 3143 scripsi

121 3143 156 3208 cf.
174 3159 203 3224 ιι.
222 3145 277 3199 430
290 3159 333 3226 aq.
348 3141 462 3227 Oceano
480 3143 533 3225 VA
546 3145 556 3213 ss
569 3144 681 3226 gurgite
699 3161 716 3201 c
735 3161 837 3216 gurges
857 3144 933 3197 VAe
977 3148 1047 3198 1154
1065 3145 1139 3199 aeris

121 3214 803 3366 didindddgnt'fldqlrldoddrtdrgrdfflquiieeldptan?bri
822 3213 1139 3354 Andioddeddreeoiendnd

119 3370 215 3479 {Peme
239 3355 316 3480 {Aa
332 3360 343 3427 ΙΙ
361 3373 444 3427 super
462 3355 571 3412 inuehit
588 3357 616 3411 A
635 3355 797 3428 supinhueit
820 3355 847 3411 V
903 3359 971 3411 1159
990 3358 1093 3415 boreae
1111 3358 1139 3413 A

139 3440 221 3497 oraee
