2592 3894
529 199 747 264 ...52-

45 356 113 408 1266
132 341 319 425 delphinum
341 343 469 426 patulas
492 341 614 426 promit
637 341 843 425 capricornus
866 341 900 406 in
923 364 1028 407 auras.

176 429 222 495 Et
244 431 405 497 matutino
429 452 501 496 cum
526 430 632 515 surgit
655 430 837 514 aquarius
862 430 952 514 orbe,

133 542 169 585 os
194 540 294 604 equus
319 519 421 603 adque
443 518 540 602 pedes
562 540 667 584 nouus
691 519 802 584 exerit.
842 539 915 584 ecce
939 519 1083 584 cadentis

132 611 224 692 parte
246 607 314 692 poli
337 607 440 672 trahit
463 607 631 678 occiduum
653 629 718 672 nox
743 611 815 672 atra
838 607 897 672 sub
922 629 1043 692 aequor

133 693 331 761 Centaurum
354 695 469 780 cauda,
493 695 638 761 sednon
662 699 759 780 caput
783 699 839 760 aut
862 718 1047 761 umerorum

45 798 112 849 1266
132 788 227 850 uasta
251 784 346 849 simul
369 784 492 868 recipit
538 785 684 868 persistit
704 788 835 868 pectore
859 785 945 849 celso

133 872 314 956 cornipedis
339 873 459 956 species
483 876 516 937 et
539 873 662 938 caelum
686 874 807 938 uertice
830 873 931 938 fulcit.

133 984 191 1027 ora
214 961 328 1028 dehinc
353 982 484 1045 serpens
508 964 540 1026 et
562 962 668 1045 prima
691 962 859 1027 uolumina
881 965 1010 1026 tantum

133 1050 290 1115 conditur.
335 1049 478 1136 ingentis
500 1050 566 1114 late
589 1054 700 1115 tamen
724 1051 857 1134 agmina
880 1051 1000 1116 caudae

132 1161 216 1224 pone
238 1139 350 1204 trahit
398 1139 486 1204 subit
508 1139 573 1203 ista
597 1139 710 1222 solum,
735 1139 823 1204 subit
845 1160 987 1225 aequora
1009 1160 1146 1222 rursum,

45 1239 114 1292 1216
133 1228 261 1312 integer
284 1226 405 1292 Oceani
428 1249 501 1292 cum
525 1248 558 1291 se
583 1225 764 1292 Centaurus
787 1228 822 1292 in
844 1227 947 1294 undas

132 1316 245 1381 iecerit
268 1315 370 1399 adque
393 1336 480 1380 nouo
503 1315 666 1380 uibrarint
689 1316 792 1382 sidere
815 1316 953 1401 pisces.

131 1404 183 1469 his
207 1405 241 1468 in
265 1425 391 1468 summa
413 1403 482 1486 poli
506 1405 713 1488 surgentibus
737 1405 792 1468 ille
815 1426 873 1488 per
897 1409 1042 1470 austrum

131 1493 231 1577 piscis
255 1492 348 1575 item,
369 1493 484 1575 planta
507 1513 603 1576 quem
625 1493 759 1576 pulcher
782 1493 932 1577 aquarius
956 1496 1063 1579 urget,

131 1581 283 1646 redditur.
328 1579 409 1644 haut
431 1584 502 1645 toto
526 1584 635 1645 tamen
658 1581 711 1646 hic
735 1603 769 1646 se
793 1602 927 1664 corpore
950 1581 1083 1665 promit,

44 1682 112 1733 1216
132 1671 188 1734 sed
211 1672 321 1734 manet
344 1669 476 1734 alterius
500 1669 662 1734 uenientis
685 1673 833 1752 tempora
856 1670 954 1754 signi:

132 1761 226 1841 parte
248 1758 344 1840 latet,
366 1760 494 1840 partem
518 1779 635 1842 supera
657 1757 691 1822 in
715 1779 860 1823 conucxa
882 1758 1007 1823 sonoris

132 1846 284 1911 fluctibus
308 1844 451 1910 absoluit
473 1845 589 1929 pelagi.
635 1846 681 1911 sic
704 1846 837 1911 brachia
858 1849 1001 1912 maestae

133 1933 373 2017 Andromedae,
397 1933 443 1997 sic
467 1955 560 1998 crura
582 1932 696 1999 dehinc
719 1934 884 2018 umerique
906 1935 1046 1999 nitentes

133 2023 289 2107 paulatim
313 2043 429 2088 recauo
453 2022 588 2087 redeunt
610 2022 725 2106 maris,
749 2045 846 2087 aurea
870 2023 959 2088 caelo

46 2125 115 2175 1266
134 2115 307 2196 postquam
330 2110 470 2176 adolent·
485 2110 591 2194 pisces
613 2111 768 2177 incendia.
814 2109 950 2195 denique
973 2111 1078 2196 pisces

135 2222 206 2265 cum
229 2199 378 2281 rutilant,
401 2199 523 2264 mundo
547 2198 694 2264 dextram
716 2199 796 2265 haec
820 2199 981 2265 attollitur
1003 2201 1114 2266 ulnam

133 2290 287 2374 laeuaque
310 2287 450 2372 uirginei
474 2309 599 2352 sursum
624 2310 658 2353 se
682 2287 823 2371 corporis
847 2287 955 2372 edent,

133 2377 263 2442 Phrixei
286 2379 459 2460 postquam
483 2377 608 2458 pecoris
632 2376 817 2460 proruperit
841 2379 940 2442 ortus,

178 2465 364 2529 Australem
387 2463 440 2529 hic
465 2465 567 2529 arias
592 2486 681 2528 aram
704 2465 814 2549 procul
838 2465 989 2530 admouet
1012 2439 1106 2531 und's

46 2567 114 2618 1285
134 2553 274 2638 gurgitis
299 2551 433 2618 occidui.
478 2575 543 2637 qua
565 2554 621 2618 lux
643 2552 739 2637 redit,
764 2551 883 2618 excitat
905 2552 990 2618 idem

206 2750 275 2799 1260
293 2745 406 2813 patulas
420 2743 535 2800 Grotius
553 2761 654 2815 paruas
673 2744 725 2799 VA
771 2751 837 2800 1261
858 2761 920 2799 cum
940 2743 1030 2814 surgit
1047 2761 1063 2799 c
1083 2760 1147 2799 con·

134 2815 224 2886 surgit
246 2813 321 2899 VAe
394 2821 461 2870 1262
482 2816 570 2898 escrit
588 2831 652 2870 ecce
671 2815 797 2870 cadentis
815 2833 829 2870 e
847 2815 969 2870 exeritae
988 2815 1147 2871 cecadcntis

133 2886 279 3027 ddrpidnesnt
296 2886 522 3040 sirtiiitirsdlfndm
545 2886 643 3012 A1268
662 2893 752 3012 11221132
760 2885 828 3040 litte
838 2885 929 3012 llsrdm
930 2927 936 2940 ι
959 2886 1042 3012 ⁴tate
1057 2892 1148 3012 adlidi

139 3027 191 3082 VA
215 3028 304 3082 salum
324 3026 457 3108 Grotauc·
511 3032 580 3083 1220
599 3044 629 3083 sc
653 3028 813 3110 Vcorrecat
830 3027 858 3082 A
932 3033 999 3110 ²²l3
1019 3045 1101 3098 quem
1119 3029 1148 3083 A

135 3116 162 3166 q.
185 3098 212 3152 V
283 3103 352 3153 1226
375 3098 492 3153 altanus
516 3097 543 3153 V
563 3099 678 3152 alternis
696 3098 724 3152 A
797 3105 867 3174 1281
889 3099 1030 3154 attollitur
1051 3099 1148 3155 ulnam

135 3169 249 3249 Grotius
271 3169 366 3224 atollit
387 3169 417 3224 in
440 3168 535 3224 ulnam
559 3168 587 3222 V
607 3168 713 3224 attollit
734 3169 764 3223 in
786 3169 882 3224 ulnam
900 3170 928 3223 A
1002 3174 1069 3224 1282
1089 3187 1147 3224 cor·

134 3255 211 3308 pons
230 3240 314 3294 edent
331 3240 431 3324 scripu
449 3241 484 3307 cf.
499 3239 613 3295 Hermes
633 3239 705 3294 XII
718 3257 747 3307 p.
764 3245 822 3322 166
840 3257 867 3296 a.
887 3239 1147 3323 Ι32601961166616

135 3309 242 3392 untV
264 3327 387 3380 corporis
410 3311 498 3393 edunt
515 3312 543 3365 A
617 3315 685 3393 1282}
704 3310 818 3366 Phnxer
839 3326 939 3378 scrupea
957 3311 1053 3365 Phnss
1072 3313 1106 3366 et
1124 3311 1151 3363 V

135 3380 774 3521 1111112661211162212
865 3387 934 3438 ¹²⁸⁴
957 3382 1148 3440 mmm
