2592 3894
547 212 762 276 -30-

150 353 260 418 omnia
282 356 442 418 terrarum
465 374 541 417 mox
563 351 668 418 flabra
689 351 835 436 procacia
857 354 997 417 uerrunt.

78 458 130 509 ⁷00
194 440 278 506 Tum
302 461 418 506 curuus
442 440 576 504 caudam
600 440 688 506 subit
710 441 795 505 inter
819 438 926 504 sidera
948 439 1113 523 delphis,

149 529 226 613 dux,
249 527 414 614 Neptune,
437 528 486 592 tui
511 528 674 612 quondam
697 549 794 614 super
817 549 938 613 aequor
962 527 1090 593 amoris.

147 618 201 683 hic
223 640 300 684 nam
324 617 472 682 detrusae
494 616 530 682 in
552 617 694 683 latebras
717 617 830 703 procul
854 615 1087 700 Amphitrites,

148 706 266 772 arduus
290 705 439 771 occiduos
463 705 581 771 umeris
605 706 662 770 ubi
685 705 825 772 sustinet
847 726 923 770 axes

147 795 315 860 Pleiadum
339 793 483 879 genitor,
505 798 705 878 perruperat.
749 794 804 859 hio
825 814 930 880 uagus
953 793 1041 858 omni

76 899 127 950 ⁷⁰⁵
146 882 1066 1057 ittiildiardtttth”tillirlit

68 1130 71 1134 ,
147 1063 180 1125 et
202 1081 298 1144 super
322 1061 462 1125 auritum
484 1063 586 1144 ponto
611 1061 716 1146 surgit
738 1060 970 1144 capricornum.

145 1147 200 1213 hio
222 1147 347 1214 medios
371 1151 460 1214 artus
484 1151 589 1214 taeter
613 1152 736 1232 stupet,
760 1148 864 1214 altera
885 1168 984 1230 porro

75 1342 127 1391 ⁷10
145 1237 608 1410 0171171711ξὶἲὲ
611 1235 1021 1410 titillatorii.

192 1411 322 1497 Omnia,
345 1434 427 1497 quae
451 1413 511 1479 soli
535 1416 567 1477 et
589 1413 695 1500 rigido
718 1413 879 1478 interfusa
902 1411 1045 1497 aquiloni

145 1501 286 1566 aetheris
308 1501 434 1566 incurui
457 1502 559 1567 moles
582 1504 671 1567 rotat
692 1502 789 1585 inque
812 1501 995 1586 frequentes

145 1610 278 1656 occasus
302 1593 454 1675 ortusque
477 1589 580 1656 trahit
603 1590 787 1656 moderator
809 1588 952 1673 Olympi,

145 1681 223 1744 sunt
246 1678 373 1764 digesta
396 1679 485 1743 mihi.
531 1700 613 1764 quae
636 1701 765 1744 rursum
789 1678 893 1742 limite
917 1677 1061 1761 abusque

74 1783 125 1833 715
145 1787 215 1832 sese
238 1766 439 1852 Hyperionio
462 1767 615 1851 pluuialis
640 1788 783 1833 concaua
804 1767 839 1831 in
863 1765 964 1831 austri

145 1855 332 1938 demittunt,
354 1857 494 1919 taetram
518 1855 619 1920 donec
641 1859 738 1922 notus
762 1855 887 1920 ambiat
909 1853 1069 1936 aethram,

143 1943 249 2008 dicere
271 1941 431 2008 Romuleo
454 1943 582 2009 conitor
605 1944 747 2008 carmine
772 1943 893 2008 sollers.

188 2029 359 2096 Subtrahit
382 2031 514 2116 obliquo
539 2053 603 2116 qua
627 2053 697 2097 sere
720 2031 858 2096 circulus
882 2031 960 2096 orbe

144 2119 280 2204 signifer
304 2142 324 2184 a
347 2120 444 2185 borea
467 2121 564 2205 inque
587 2121 747 2186 australes
771 2141 804 2185 se
827 2118 913 2205 gerit
934 2119 1081 2203 umbras,

74 2225 125 2277 720
144 2208 204 2273 sub
227 2208 325 2273 medii
348 2209 414 2274 iam
437 2209 524 2274 mole
547 2209 615 2293 poli
637 2209 707 2274 fera
728 2211 860 2293 pectora
882 2209 968 2273 tauri

144 2296 278 2381 suspicit
301 2295 429 2363 Orion.
474 2318 580 2382 neque
603 2297 773 2382 quisquam
795 2301 891 2363 nocte
915 2317 1029 2361 serena

214 2545 266 2594 600
290 2540 421 2610 procacia
438 2541 467 2595 A
485 2540 614 2611 procatia
638 2541 689 2611 Vn
706 2544 822 2597 uerrunt
839 2541 867 2596 A
886 2546 935 2596 uer
960 2540 987 2594 V
1055 2557 1083 2596 0.
1103 2545 1159 2598 700

141 2611 303 2666 inscribitur
319 2610 476 2666 DELPHIS
497 2611 524 2666 V
538 2610 663 2682 Delphin
679 2614 708 2666 A
725 2611 836 2683 delphis
854 2627 911 2667 non
930 2611 1045 2682 delphin
1062 2627 1159 2682 marco

140 2683 169 2735 A
241 2682 447 2753 lOl'Neptune
472 2683 499 2737 V
514 2683 644 2753 Neptfine
662 2684 690 2736 A
708 2685 719 2752 l
741 2699 845 2752 aequor
868 2682 972 2736 amoris
994 2699 1011 2736 o
1035 2699 1159 2752 aequora

141 2751 237 2816 moris,
251 2751 279 2804 V
293 2769 415 2823 aequora
433 2754 537 2809 amoris
555 2755 583 2809 A
641 2758 691 2808 707
711 2754 841 2809 detrusae
866 2753 893 2807 V
908 2753 1036 2809 detrusas
1055 2753 1082 2807 A
1100 2753 1110 2824 ΙΙ
1128 2753 1158 2809 in

141 2839 157 2878 0
180 2838 230 2878 cm.
256 2822 327 2877 VAe
398 2830 449 2880 703
473 2825 576 2880 arduus
595 2825 622 2878 A
646 2825 765 2880 correxit
788 2822 840 2893 Vl
859 2824 963 2878 umeris
982 2825 1158 2880 0070001110-

141 2893 225 2949 meris
239 2893 268 2947 A
281 2893 372 2948 umeri
390 2895 417 2948 V
452 2900 504 2951 704
517 2895 682 2966 perruperat
695 2912 709 2949 e
722 2895 886 2964 perruperat
900 2895 952 2948 VA
990 2893 1157 2951 7050111010

140 2981 156 3020 c
180 2964 282 3019 ultima
314 2965 366 3018 VA
388 2965 463 3020 ultro
488 2982 502 3021 e
592 2971 643 3021 707
672 2965 866 3035 capricornum
889 2965 916 3020 A
941 2965 1105 3035 capricomu
1133 2965 1161 3019 V

142 3040 194 3091 708
212 3037 304 3091 taeter
328 3035 424 3090 Vteri
442 3035 470 3089 A
507 3041 559 3090 710
577 3036 666 3092 micat
681 3053 698 3091 c
716 3035 831 3107 mitigat
854 3035 892 3091 Vc
910 3035 973 3091 miti
990 3038 1019 3090 A
1055 3053 1082 3092 a.
1102 3038 1158 3091 713

140 3108 269 3163 annuant
293 3105 344 3160 VA
417 3112 469 3162 714
491 3106 562 3161 mihi
585 3122 658 3177 quae
677 3106 703 3160 A
727 3105 824 3175 mihiq.
849 3106 876 3160 V
890 3109 901 3178 ss
923 3107 1048 3176 abusque
1073 3106 1099 3161 V
1120 3106 1157 3161 ab

140 3193 227 3248 usque
246 3177 273 3232 A
346 3182 396 3232 715
416 3175 588 3248 Hyperionio
613 3177 639 3230 V
655 3193 723 3232 corr.
738 3177 766 3232 A
840 3183 891 3233 710
910 3177 1063 3233 demittunt
1080 3193 1096 3231 o
1115 3177 1157 3231 di·

141 3247 258 3303 mittunt
282 3248 353 3304 VAe
415 3265 443 3305 0,
462 3253 518 3306 718
536 3249 699 3304 inscribitur
719 3247 834 3303 ORION
859 3248 911 3303 VA
966 3255 1017 3304 710
1036 3265 1053 3304 0
1071 3247 1157 3303 borea

140 3318 224 3386 inque
244 3317 357 3374 Grotius
379 3318 409 3374 in
432 3319 536 3375 borean
560 3319 588 3372 V
606 3319 636 3374 in
659 3319 773 3375 boream
792 3319 847 3388 Au
868 3320 1006 3374 'australes
1031 3335 1060 3374 ss
1083 3318 1158 3388 gerit

142 3388 256 3446 Grotius
274 3390 396 3446 anshale
415 3389 526 3447 sederat
544 3390 596 3445 VA
633 3396 685 3446 770
704 3391 756 3446 sub
771 3389 885 3448 Grotius
901 3395 935 3446 ut
954 3390 1005 3445 VA
1043 3396 1092 3446 ⁷21
1111 3407 1157 3445 eu·

141 3459 226 3531 spicit
250 3459 301 3515 VA
320 3461 356 3527 cf.
375 3461 488 3516 Hermae
508 3461 592 3517 XVI
603 3478 633 3532 p.
653 3465 708 3518 127
726 3478 754 3516 a.
773 3465 811 3518 87
