2592 3894
557 219 777 282 ..16-

90 361 239 426 serialis
263 361 424 446 utrimque
446 359 543 426 modo
568 359 664 424 simul
688 362 721 424 et
742 358 869 444 fulgore
892 358 992 424 micat
1014 360 1083 426 lux.

90 465 142 515 363
162 471 222 514 nec
246 448 486 534 contemplandi
509 448 601 514 labor
624 449 752 531 anxius,
775 447 885 512 omnia
906 447 1020 530 primis

89 553 143 603 360
163 539 261 604 obuia
284 562 342 605 ceu
364 539 496 605 uibrant
518 537 700 602 obtutibus:
723 557 806 601 unus
830 537 872 601 ob
897 557 966 619 ora,

162 650 225 713 qua
249 633 324 694 sunt
345 628 452 712 prima
473 627 560 692 ferse
583 627 736 711 uestigia,
759 625 941 709 praeminet
963 625 1064 710 ignis,

162 719 276 802 altera,
300 739 363 802 qua
385 715 519 800 pedibus
543 715 632 800 regio
657 717 707 778 est
730 714 922 796 clunelibus,
946 713 1038 778 ardet

163 806 259 871 stella
281 804 394 869 itidem
417 805 618 889 genibusque
641 802 756 868 dehinc
779 823 813 868 se
836 801 935 866 tertia
958 802 1079 885 promit

163 894 303 976 aemula,
326 915 390 978 qua
413 893 531 958 rutilae
554 891 697 978 flagrant
720 891 860 956 confinis
883 889 1012 955 caudae.

90 997 144 1048 336
162 1004 230 1046 non
252 986 362 1046 tamen
384 980 435 1046 his
460 981 596 1065 species,
619 1001 685 1046 non
709 983 785 1044 sunt
807 979 1001 1064 cognomina
1024 982 1128 1064 certa,

164 1069 221 1136 sed
243 1071 403 1156 permixta
427 1070 522 1136 simul
545 1070 637 1153 uulgi
659 1069 731 1133 uice
755 1069 1000 1133 conuoluuntur.

207 1160 269 1226 Illa
293 1160 422 1245 quidem
446 1179 561 1243 supero
582 1161 732 1222 conserta
754 1156 912 1221 relabitur
936 1177 1008 1239 axe,

163 1249 267 1314 inscia
289 1247 409 1332 piscosi
433 1267 559 1331 semper
583 1246 669 1311 salis.
714 1245 816 1329 ipsius
840 1248 948 1309 autem

165 1337 328 1402 subiectos
351 1336 452 1420 capiti
474 1336 647 1420 geminos
672 1334 732 1398 tibi
755 1353 883 1398 cernere
906 1331 955 1397 fas
979 1336 1041 1415 est,

92 1441 145 1491 373
166 1424 375 1510 Spartanam,
398 1425 559 1510 geminos,
584 1422 728 1488 subolem
751 1423 938 1506 prolemque
962 1422 1106 1487 tonantis

164 1515 328 1600 egregiam
353 1516 385 1578 et
407 1513 540 1597 proprio
559 1516 635 1596 post
656 1510 783 1576 reddita
805 1511 941 1575 numina
964 1511 1063 1575 caelo.

163 1625 240 1668 nem
264 1601 529 1668 Lacedaemoniis
553 1600 641 1665 Mars
665 1621 737 1665 cum
760 1599 915 1664 caluisset
937 1597 1113 1683 Aphidnis‚

165 1690 302 1757 Castora
326 1690 474 1775 Cecropii
497 1690 574 1754 tulit
595 1689 801 1755 inclementia
825 1688 911 1753 belli.

165 1785 200 1844 at
221 1781 323 1845 irater
344 1780 512 1863 lucemque
536 1781 569 1843 et
590 1778 661 1842 feta
684 1775 866 1860 superstitis
890 1777 962 1841 aeui

92 1883 144 1933 373
164 1891 280 1934 exosus
305 1871 427 1932 sortem
449 1866 591 1931 lacrimis
616 1865 776 1950 efflagitat
798 1885 944 1951 aequam.

165 1958 314 2042 probinus
340 1957 482 2021 alternae
506 1975 678 2040 germanos
701 1957 847 2037 tempore
870 1954 959 2018 uitae

165 2046 312 2130 Iuppiter
335 2043 461 2110 attollit
482 2043 626 2128 caelique
649 2044 683 2108 in
706 2043 792 2107 celsa
814 2046 984 2125 receptans

165 2139 315 2200 aeternae
337 2134 478 2217 flagrare
500 2131 581 2196 facis
605 2132 695 2196 iubet
719 2131 850 2216 ignibus
875 2131 979 2195 ambo.

209 2223 295 2288 Aluo
317 2222 448 2287 Helices
472 2241 608 2285 cancer
632 2219 837 2284 subuoluitur
860 2223 1010 2305 astraque
1033 2239 1151 2284 cancro

94 2311 260 2396 3301333,
283 2311 472 2376 nouercales
495 2312 532 2373 ut
555 2329 681 2392 semper
702 2307 855 2393 proderet
875 2309 955 2390 iras,

165 2399 340 2483 praestitit.
384 2398 438 2463 hic
461 2397 594 2482 etenim,
617 2397 754 2462 Lernaei
778 2397 918 2482 gurgitis
941 2396 1080 2480 hydram

165 2491 273 2552 ureret
295 2487 424 2552 Alcides
448 2508 520 2550 cum
543 2485 737 2571 flammiger,
762 2507 857 2550 ausus
880 2486 914 2550 in
937 2485 1044 2568 ipsum

237 2703 288 2753 367
307 2695 448 2765 utrimque
462 2697 561 2766 scripsi
574 2696 685 2766 utrique
705 2695 757 2751 VA
802 2701 853 2751 361
874 2711 930 2764 qua
944 2693 979 2750 F.
996 2694 1025 2751 Ο.
1042 2695 1182 2752 Mattbiac

165 2767 312 2838 Harmtius
325 2768 439 2823 Hermes
462 2767 529 2822 VII
541 2784 573 2837 p.
591 2773 627 2823 13
645 2783 699 2836 que
720 2767 746 2822 V
763 2783 824 2834 quae
839 2767 866 2820 A
880 2767 890 2836 ΙΙ
902 2765 978 2821 ferae
993 2767 1021 2820 A
1035 2767 1182 2837 Hauptius

163 2840 265 2896 ibidem
282 2839 342 2894 fers
366 2837 392 2892 V
462 2845 513 2894 363
533 2840 696 2908 alteraque
720 2837 747 2892 V
762 2836 835 2893 alter.
853 2853 927 2907 aqua
944 2838 973 2891 A
1032 2843 1083 2892 363
1123 2840 1182 2894 eni·

165 2910 272 2979 busque
297 2909 324 2963 V
343 2907 461 2980 genibus
480 2927 534 2984 quq
552 2911 580 2965 A
654 2915 706 2964 364
728 2925 785 2978 qus
807 2907 909 2964 rutilae
927 2908 955 2962 A
975 2915 1031 2978 que
1048 2927 1082 2963 ru
1097 2910 1133 2964 'e
1158 2909 1184 2964 V

165 2997 193 3036 u.
214 2985 269 3037 367
287 2981 450 3036 inscribitur
469 2981 601 3036 GEMINI
625 2980 677 3034 VA
741 2985 793 3035 370
813 2980 831 3035 S
852 2982 979 3035 arianam
1003 2979 1030 3034 V
1047 2979 1182 3050 Spartha-

165 3067 231 3106 nam
254 3052 282 3106 A
304 3054 314 3122 ΙΙ
337 3052 464 3108 subolem
497 3052 524 3107 V
545 3052 671 3107 sobolem
697 3050 725 3104 A
747 3053 757 3118 ΙΙ
779 2997 943 3120 prolimque
970 3049 1027 3104 AL
1053 3051 1128 3120 pleq.
1159 3051 1185 3104 V

166 3127 217 3177 371
237 3124 350 3193 proprio
368 3121 451 3177 VAL
468 3123 562 3193 patrio
578 3121 692 3177 Grotius
741 3128 793 3176 373
812 3118 1041 3177 Lacedaemoniis
1055 3122 1081 3175 A
1097 3122 1182 3176 3333-

166 3192 302 3250 demoniis
328 3193 356 3249 V
374 3193 612 3278 lachegiemonius
626 3193 785 3249 Gumoaici
799 3193 882 3248 codes
895 3193 1043 3248 Beruensis
1057 3209 1084 3247 3.
1094 3196 1132 3248 88
1145 3194 1180 3260 ef.

161 3283 252 3352 praef.
259 3300 289 3353 p.
301 3284 333 3338 X
337 3283 383 3340 VI
388 3300 425 3354 sq.
460 3289 512 3338 376
522 3283 646 3338 alternae
660 3298 808 3352 germanos
818 3283 846 3338 A
860 3282 968 3336 alterna
983 3297 1146 3352 egermanos
1159 3281 1185 3335 V

890 3352 994 3409 &ambos

167 3411 218 3462 377
233 3405 341 3461 33331113
354 3407 413 3462 AL
426 3408 523 3464 attolit
541 3407 567 3463 V
618 3413 669 3463 373
684 3409 767 3463 ambo
788 3405 815 3461 V
825 3406 908 3461 ambo
1003 3407 1031 3460 A
1044 3406 1142 3462 ambos
1155 3405 1181 3459 L

166 3495 193 3531 3.
214 3481 268 3533 379
287 3479 450 3535 imcribitwr
468 3478 615 3535 eluens
639 3480 691 3534 VA
