2592 3894
536 229 755 290 -11-

131 370 195 438 sed
218 369 306 436 cerni
328 371 405 433 sunt
426 370 579 452 prompta
601 372 712 434 tamen
734 373 962 455 postremaque
984 391 1082 454 parco

44 461 212 546 resigna
235 459 367 524 micant
412 455 468 520 ille
491 476 613 541 angue
637 479 769 524 manum
793 463 959 525 consertus
982 463 1151 543 utramque

130 549 275 636 erigitur
298 565 494 632 serpensque
517 543 633 614 dehinc
656 548 755 613 elahit
741 552 806 631 tur,
830 548 943 614 ambas

129 638 253 703 flexilis
277 639 311 700 et
296 633 473 700 tmedium
497 633 601 718 cingit
625 637 723 722 spiris
747 637 957 722 ophiuchum,

131 748 232 810 quem
258 745 354 810 super
376 724 563 788 haerentem
585 725 772 808 plantarum
795 727 879 791 mole
903 725 1038 790 duarum

132 814 314 898 scorpios
336 813 371 878 in
393 812 541 898 geminas
565 813 686 880 effusus
710 816 835 881 uiscera
857 815 960 899 partis

49 920 109 969 240
131 903 337 988 afflictusque
360 903 472 968 oculos
493 901 723 989 maculosaque
746 907 879 988 pectora
900 924 1032 987 pressus

132 993 283 1058 sustinet.
329 992 472 1077 attiguas
495 991 619 1056 euoluit
605 994 659 1057 tur
683 994 798 1078 anguis
820 992 856 1056 in
879 1013 974 1056 auras

132 1081 267 1167 agmine
290 1101 357 1146 non
379 1101 482 1165 aequo
505 1101 609 1164 neque
633 1084 727 1146 tanta
749 1080 916 1147 uolumina
939 1099 1069 1163 conpar.

131 1191 213 1235 nam
236 1191 301 1253 qua
323 1169 437 1234 dextra
459 1187 573 1232 manus
598 1168 730 1236 sinuoso
755 1168 909 1254 adfigitur
930 1169 1042 1252 angui,

133 1257 267 1342 parcius
290 1257 331 1321 ab
355 1257 488 1321 dominc
510 1259 604 1340 terga
625 1259 779 1343 explica
770 1282 778 1298 ·
752 1260 903 1323 taltera
924 1277 1022 1341 porro

34 1415 35 1420 γ
57 1362 113 1411 245
135 1346 295 1429 plurimus
318 1366 356 1409 ac
379 1345 482 1410 multo
505 1366 564 1428 per
585 1345 714 1412 laeuum
737 1308 879 1431 pdnderc
902 1347 1011 1430 lapsus

135 1434 340 1499 funditurt
308 1437 340 1498 et
362 1433 475 1518 rutilo,
498 1455 562 1518 qua
583 1435 639 1498 lux
662 1437 785 1502 sedet
776 1456 885 1521 ignea,
908 1438 1018 1499 mento

135 1544 238 1606 usque
262 1521 464 1587 Ariadnaeae
488 1544 558 1588 sese
581 1523 691 1590 uicina
713 1545 853 1591 coronae

134 1611 279 1676 lubricus
301 1611 446 1676 inclinat
491 1616 567 1694 post
590 1613 712 1695 spiram
735 1612 871 1678 brachia
893 1611 1057 1696 quondam

135 1699 312 1765 formidata
333 1699 418 1764 truci
441 1699 622 1783 suspexeris
646 1699 769 1768 Orioni.

63 1789 216 1854 necheco
240 1809 393 1853 concessa
416 1790 533 1852 etenim
558 1790 666 1854 curuis
688 1791 823 1857 metatio
848 1789 978 1854 chelis.

136 1877 200 1942 huc
222 1877 344 1942 falcata
366 1875 440 1942 Chii
462 1883 633 1961 repserunt
655 1900 777 1946 cornua
800 1878 950 1960 monstri,

137 1966 280 2031 sidereae
301 1965 437 2029 nimium
459 1965 540 2031 facis
563 1967 682 2052 indiga.
728 1989 868 2053 namque
891 1967 990 2031 hebes
1015 1965 1088 2030 ollis

136 2054 222 2141 ignis
247 2057 281 2119 et
303 2057 443 2139 optunsc
467 2058 613 2120 marcent
634 2057 785 2122 incendia
808 2057 904 2121 crine.

182 2142 318 2209 Callisto
341 2143 454 2208 rutilet
476 2142 593 2226 stellis,
616 2143 732 2227 quibus
756 2165 856 2229 usque
878 2143 1018 2209 ferinam

68 2247 120 2296 255
138 2252 242 2315 prona
265 2231 309 2295 sit
331 2231 486 2315 effigiem!
533 2252 595 2315 quo
619 2234 748 2299 cardine
770 2236 921 2319 torqueat
944 2251 1051 2312 axem,

139 2340 265 2402 semper
287 2319 463 2385 inocciduis
487 2320 639 2386 attollens
662 2322 816 2408 lampada
837 2320 990 2403 demmin,

139 2408 407 2492 Arctophylax
430 2409 512 2492 siue,
535 2413 572 2474 ut
594 2415 719 2476 ueteres
743 2413 900 2495 cecinere,
922 2409 1081 2487 Bootes,

139 2497 263 2562 famosa
285 2496 435 2563 Arcadici
458 2500 583 2562 testans
607 2504 790 2565 commenta
812 2498 955 2585 tyranni.

140 2587 269 2651 cilicet
291 2586 425 2650 instanti
449 2586 564 2651 similis
588 2588 766 2674 similiaque
790 2589 929 2654 minanti

208 2784 261 2833 254
275 2794 355 2848 prom
375 2781 528 2849 tacprdta
541 2779 703 2850 VprctaA
756 2787 809 2838 236
827 2780 948 2837 elabitur
961 2797 975 2835 c
989 2780 1078 2837 elebit
1096 2781 1149 2836 VA

141 2855 190 2904 252
213 2849 337 2919 scorpios
140 2721 399 2904 Qi'c
418 2851 543 2920 scorpius
562 2852 590 2905 A
661 2857 714 2906 240
733 2853 911 2922 afflictosque
929 2869 946 2908 ι
964 2851 1149 2922 Efflictusque

147 2920 214 2976 VAc
285 2926 335 2974 241
357 2921 480 2990 attiguas
499 2922 707 2994 Acattinguas
731 2925 758 2978 V
827 2924 1103 2993 climactera
1127 2923 1154 2976 V

140 2993 213 3048 terra
230 2992 258 3046 A
309 2997 362 3047 245
380 2992 471 3048 multo
489 3009 503 3047 ι
520 2993 624 3048 multos
649 2993 701 3047 VA
755 3001 807 3051 245
826 2996 921 3050 mento
939 2941 987 3048 Ac
1005 3009 1102 3050 menco
1127 2993 1154 3046 V

141 3068 237 3134 ttssp
238 3067 308 3119 iram
329 3062 381 3118 VA
395 3063 509 3120 Grotius
527 3063 651 3133 spretae
708 3071 760 3121 250
779 3066 896 3120 metatio
915 3063 1002 3120 chelis
1022 3064 1074 3148 VA
1093 3082 1150 3119 me-

20 3198 24 3214 .
141 3134 211 3190 catio
218 3081 300 3191 Iielis
318 3152 332 3190 c
350 3136 384 3203 cf.
399 3134 512 3190 Hermes
527 3135 617 3204 XIp.
633 3140 689 3192 249
703 3143 765 3192 ιιθ
819 3136 1013 3191 considerans
1032 3135 1150 3191 nimium

148 3205 181 3261 Va
198 3205 295 3276 sydera
315 3207 391 3262 enim
408 3206 438 3260 ui
456 3207 484 3261 A
525 3211 578 3260 253
597 3209 718 3278 eptunso
741 3207 767 3262 V
782 3208 882 3262 obtuso
900 3206 952 3260 Ac
987 3223 1014 3262 ι.
1034 3208 1122 3263 254
1108 3223 1151 3262 ιιι-

140 3277 267 3332 scribitur
279 3277 421 3333 BOOTES
436 3277 507 3331 VAe
525 3283 578 3332 254
588 3295 619 3332 us
621 3295 674 3347 que
686 3277 802 3334 Grotius
811 3277 897 3345 utqnc
914 3276 1027 3345 VAecs.
1038 3278 1152 3334 Hermes

143 3347 192 3401 XI
213 3363 243 3418 p.
272 3353 331 3406 250
357 3366 385 3403 ιι.
413 3354 431 3404 9
517 3354 569 3403 252
598 3349 789 3418 Arctophylax
817 3364 831 3402 ι
857 3345 942 3403 Arcto
944 3347 1040 3418 philax
1068 3350 1120 3405 VA
1142 3349 1152 3420 ll

141 3419 251 3542 pictores
263 3419 311 3545 {p
329 3422 423 3476 uetere
448 3419 499 3491 Vl
516 3419 618 3476 Bootes
637 3422 683 3474 Ae
684 3367 785 3474 pBotea
810 3417 836 3472 V
904 3423 956 3474 258
975 3421 1088 3490 tyranni
1105 3420 1152 3475 Ae

163 3505 253 3545 rranm
