2592 3894
555 234 773 297 „42-

160 375 307 440 sustinet.
352 374 406 441 hic
428 374 514 441 tauri
538 376 712 439 curuantur
735 395 829 438 crura
851 373 986 440 minacis

159 468 192 529 et
214 463 328 530 rutilat
351 464 455 530 stellis
478 463 532 528 hic
555 463 684 528 balteus
707 460 847 528 Orionis.

71 569 139 620 1005
160 553 248 637 spira
271 553 386 638 anguis
410 551 492 617 leuis
515 551 570 616 hic
592 554 773 636 materque,
795 549 923 616 tenacia
946 551 1035 616 corui

160 664 216 707 cra
239 641 377 706 inhiant
422 640 475 704 hic
498 642 575 704 sunt
597 638 754 705 flexurum
777 638 914 724 denique
936 639 1086 705 flammae

158 730 336 813 chelarum‚
359 749 465 814 genua
487 729 540 793 hic
562 728 659 813 rigidi
682 729 814 792 uibrant
837 727 999 811 ophiuchi.

157 839 218 882 nec
240 817 329 882 Iouis
352 817 513 902 armigero
538 820 626 882 caret
648 817 738 899 alite,
761 837 900 900 namque
923 817 1110 902 peripsum

158 906 249 970 fulua
264 906 374 989 aquila
388 909 446 971 est.
470 908 567 991 caput
581 906 634 970 hic
648 927 748 990 equus
765 905 887 970 eminet
899 903 1015 989 hicque
1030 908 1172 972 comant'
1286 931 1287 990 3

72 1011 140 1062 1010
160 994 284 1059 ceruice
308 995 447 1079 erigitur
469 995 576 1060 clarae
598 994 693 1058 dator
715 992 951 1078 Hippucrenae.

158 1083 218 1148 tris
242 1084 346 1148 omnis
369 1087 457 1149 recte
480 1086 650 1148 contentos
673 1083 804 1147 tramite
828 1082 908 1146 caeli

158 1172 372 1258 distantisque
395 1172 466 1256 pari
490 1173 598 1256 spatio
622 1172 684 1237 sibi
707 1171 862 1256 transigit
885 1171 968 1255 axis,

159 1262 307 1325 omnibus
332 1264 365 1325 et
386 1260 500 1325 mediis
523 1264 560 1325 ut
584 1260 852 1326 circumfunditur
873 1260 968 1324 idem.

203 1348 350 1433 Desuper
374 1348 506 1434 obliqua
529 1351 579 1414 est
604 1349 658 1413 alii
681 1349 737 1413 uia
760 1352 894 1431 quartus
918 1351 951 1411 et
973 1348 1034 1413 iste

72 1454 140 1504 1015
161 1437 334 1522 stringitur
357 1440 481 1502 artatus
505 1459 659 1503 zonarum
683 1437 768 1501 mole
791 1436 941 1520 duarum,

160 1547 239 1610 quas
264 1527 305 1593 ab
329 1526 458 1592 diuersa
479 1526 593 1592 mundi
614 1526 749 1611 regione
771 1525 896 1589 locatas

159 1616 223 1680 cire
246 1615 424 1699 repercussi
447 1618 649 1681 momentum
672 1613 811 1678 diximus
835 1613 923 1678 astri.

158 1704 244 1769 hunc
267 1704 352 1769 alius
375 1703 517 1770 medium
539 1703 663 1768 medius
688 1706 785 1767 secat.
830 1702 911 1766 haut
934 1702 993 1767 dea
1016 1702 1139 1787 Pallas,

158 1793 212 1856 uel
235 1792 312 1857 licet
333 1792 414 1856 haec
438 1796 569 1858 cunctos
593 1792 768 1875 praecellat
791 1791 938 1856 acumine
963 1790 1070 1876 diuos,

73 1897 140 1947 1000
160 1880 336 1965 compingat
357 1880 453 1964 parili
477 1881 522 1944 sic
545 1879 669 1944 lubrica
691 1879 837 1964 plaustra
859 1883 982 1964 meatu,

159 1967 293 2053 inplicet
316 1972 354 2034 ut
375 1969 491 2052 spatiis
515 1969 644 2033 sibimet
667 1969 864 2033 distantibus
889 1968 988 2052 orbis,

160 2056 269 2140 qualia
292 2057 414 2123 deuexo
436 2060 610 2123 nectuntur
633 2057 674 2122 ab
698 2057 809 2122 ordine
832 2059 949 2122 cuncta

159 2149 379 2231 urgenturque
401 2146 489 2211 uiam
511 2146 651 2212 similem
674 2150 850 2229 noctesque
874 2145 1004 2231 diesque

159 2234 239 2299 lucis
264 2236 306 2300 ab
329 2237 443 2300 exortu
465 2235 580 2318 procul
603 2235 639 2298 in
661 2233 747 2298 uada
769 2232 955 2318 Calpetana.

71 2339 139 2389 1005
159 2345 298 2408 namque
322 2322 483 2388 Tithoneo
508 2344 581 2388 cum
605 2325 682 2386 sunt
704 2322 791 2387 elata
813 2321 989 2407 profundo,

158 2433 269 2476 rursus
292 2411 327 2476 in
349 2411 499 2477 occiduos
523 2415 714 2496 merguntur
737 2409 867 2495 singula
888 2410 1004 2476 fluctus

160 2499 271 2563 ordine
294 2500 430 2583 partito:
454 2500 570 2564 similis
593 2499 801 2564 nascentibus
826 2502 917 2565 ortus

158 2587 334 2654 scandendi
357 2589 409 2653 lex
431 2611 496 2653 una
519 2591 642 2673 mouet,
664 2610 725 2673 par
748 2587 886 2672 denique
910 2588 1021 2672 lapsus

157 2677 310 2742 omnibus
334 2681 367 2742 et
389 2677 487 2742 simili
510 2678 692 2743 conduntur
715 2677 821 2742 sidera
844 2697 929 2742 casu.

158 2805 371 2812 ——........--—.-—

231 2858 299 2907 1003
319 2854 470 2906 curuantur
494 2851 520 2904 V
535 2852 686 2906 curuarnnt
703 2851 731 2904 A
796 2855 865 2907 1006
883 2853 1029 2920 cratesque
1046 2867 1063 2905 0
1082 2851 1174 2906 crater

157 2925 188 2979 et
215 2923 268 2977 VA
287 2923 411 2992 craterq;
431 2922 485 2976 &c
577 2928 644 2977 1008
673 2922 707 2988 of.
732 2921 844 2976 Homer
870 2921 933 2975 XV
954 2939 983 2991 p.
1008 2926 1061 2977 185
1083 2939 1112 2978 a.
1137 2925 1173 2978 50

159 2999 228 3049 1010
251 2993 447 3064 Hippucrenae
471 2992 498 3046 V
518 2992 709 3062 Hippocrenes
727 2993 756 3045 A
829 2998 896 3047 1011
920 2995 997 3047 recte
1022 2993 1074 3046 VA
1096 2993 1173 3047 recto

158 3065 273 3120 Grotius
308 3064 565 3120 010130101οω
584 3063 636 3117 VA
671 3065 930 3119 0101401010001
950 3063 1001 3119 VA
1040 3068 1109 3118 1014
1124 3062 1174 3118 0111

157 3135 206 3190 uia
223 3135 322 3204 scripsi
341 3134 459 3191 cluniae
473 3133 536 3188 aliis
546 3133 616 3188 uiao
626 3134 661 3200 of.
667 3134 758 3203 praef.
768 3151 796 3202 p.
809 3134 840 3187 X
844 3134 929 3188 VIII
934 3150 972 3204 sq.
1029 3140 1096 3188 1017
1117 3132 1173 3189 cire

158 3205 272 3261 Grotius
291 3206 360 3261 seire
385 3205 437 3260 VA
458 3209 525 3260 1010
545 3203 625 3261 diuos
639 3204 667 3259 A
686 3203 768 3260 diuus
788 3204 815 3257 V
873 3210 943 3260 1020
960 3207 1057 3259 meatu
1069 3204 1098 3259 A
1117 3223 1173 3260 me·

157 3277 220 3330 tatu
243 3276 270 3329 V
355 3281 423 3331 1023
441 3276 594 3345 noctesque
612 3275 640 3329 A
658 3276 797 3345 nocteque
825 3276 851 3328 V
931 3273 1175 3347 10240a1petans

158 3345 272 3400 Grotius
292 3345 469 3418 Calpetitsna
493 3345 545 3401 VA
564 3345 736 3414 ealpetitana
754 3363 771 3402 a
790 3345 883 3429 calpes
901 3363 963 3402 mor
981 3362 997 3401 o
1016 3347 1043 3400 A
1105 3351 1173 3401 1025

157 3431 278 3485 namque
297 3415 349 3472 VA
363 3434 429 3472 nam
444 3417 580 3489 0110110111
595 3415 732 3473 Tithoneo
751 3418 779 3472 A
797 3417 944 3472 thithoneo
1011 3417 1047 3483 cf.
1061 3417 1175 3472 Hermes

159 3487 280 3556 XVIp.
296 3490 393 3544 12401.
408 3487 467 3558 7911
485 3489 550 3543 sunt
568 3487 645 3543 elata
667 3487 694 3542 V
710 3503 779 3544 corr.
799 3487 828 3542 A
