2592 3894
454 220 755 300 ,-75-

135 365 223 428 certa
247 363 314 426 suis
339 362 455 428 studiis
479 361 593 426 adfixit
616 361 711 447 signa
732 361 841 426 futuri.

134 472 273 534 namque
297 454 340 516 11·
353 451 425 516 ouis
449 449 565 535 cupido
590 451 619 514 si
641 450 790 534 gramina
812 450 948 515 tondeat
971 471 1039 534 ore,

135 540 317 607 insaturata
340 539 418 623 cibi,
441 539 615 623 decerpens
638 539 738 604 latius
762 558 872 622 agros,

134 630 249 712 pastor
271 627 304 692 id
327 627 480 696 indicium
503 625 658 712 pluuialis
683 626 813 711 frigoris
837 627 918 692 edet.

44 732 116 783 1840
135 719 169 781 et
192 717 220 780 si
242 716 426 800 persultans
451 716 535 781 aries
557 714 711 782 lasciuius
735 715 853 781 herbas

135 804 270 887 adpetat
292 810 350 870 aut
372 826 441 870 sese
465 805 643 870 sustollant
665 803 801 872 saltibus
824 803 921 868 haedi

134 893 188 957 uel
212 893 241 958 si
263 893 338 977 iuge
362 893 454 977 gregi
477 893 610 978 cupiant
631 893 763 958 haerere
782 913 841 957 nec
865 914 1001 976 usquam

134 981 294 1046 matribus
318 981 496 1048 abscedant
519 985 552 1046 et
575 981 604 1046 si
628 981 696 1046 sine
719 981 783 1045 fine
808 980 966 1064 modoque

134 1070 255 1154 pabula
277 1070 435 1154 delibant,
459 1092 532 1136 oum
555 1071 644 1137 tutas
668 1090 783 1153 uesper
806 1068 894 1134 adire

44 1175 116 1226 1841
135 1159 299 1242 conpellat
322 1158 444 1242 caulas,
466 1158 696 1225 monstrabunt
719 1156 829 1222 adfore
852 1157 990 1224 nimbos.
1166 1173 1205 1214 52⁰

179 1245 292 1313 Bubus
317 1250 426 1312 arator
449 1247 529 1313 item
551 1247 655 1312 trahit
677 1249 769 1312 atrae
792 1247 889 1332 signa
910 1246 1085 1330 procellae,

134 1335 277 1400 lambere
301 1337 328 1400 si
350 1335 465 1421 lingua
486 1336 593 1420 prima
614 1335 675 1401 hos
699 1334 840 1424 uestigia
863 1335 947 1401 forte

134 1423 254 1488 sudarit
276 1427 334 1488 aut
356 1424 504 1490 dextrum
527 1427 731 1508 prosternere
755 1445 872 1508 corpus
896 1423 931 1487 in
956 1445 1096 1505 armum,

134 1512 187 1576 uel
211 1513 238 1576 si
260 1513 397 1596 prolixis
421 1534 517 1578 auras
542 1513 720 1596 mugitibus
743 1512 883 1596 inplent,

45 1616 117 1668 1810
133 1622 255 1685 pascua
276 1601 462 1686 linquentes
485 1601 540 1686 uix
562 1621 706 1682 uespere.
751 1599 808 1664 dat
830 1621 928 1683 capra
951 1599 1033 1664 moti
1166 1615 1206 1656 111

135 1711 264 1753 rursum
288 1690 382 1774 signa
404 1689 485 1772 poli,
508 1709 581 1753 curn
604 1687 707 1771 spinis
730 1686 814 1753 ilicis
838 1691 927 1752 atrae

135 1777 241 1841 multa
263 1777 377 1841 inhiat.
423 1776 517 1843 docet
538 1775 619 1841 haec
642 1776 754 1842 eadam
778 1797 833 1842 sus
856 1775 990 1842 horrida
1012 1796 1128 1859 caena,

136 1866 276 1950 gurgitis
299 1865 422 1930 inluuie
446 1865 473 1931 si
497 1865 624 1949 saepius
647 1864 842 1930 inuoluatur.

181 1953 321 2019 Martius
344 1954 413 2037 ipse
437 1953 532 2038 lupus
556 1954 709 2018 uillarum
732 1954 881 2038 proxima
904 1954 1058 2019 oberrans

46 2059 117 2110 1811
137 2041 366 2127 adfectansque
389 2043 477 2108 locos
500 2043 670 2108 hominnm
693 2043 876 2126 lectumque
899 2042 1063 2124 laremque
1167 2059 1207 2100 seo

137 2135 252 2214 sponte
275 2134 390 2215 petens
413 2151 524 2196 crasso
547 2150 740 2214 consurgere
764 2129 878 2194 nubila
901 2129 991 2194 caelo

135 2223 333 2304 praemonet.
378 2219 411 2283 id
433 2219 528 2303 parui
551 2240 624 2283 eum
648 2218 790 2292 stridunt
812 2217 949 2303 deniqne
974 2239 1094 2301 mures,

137 2329 209 2372 cum
233 2309 353 2394 gestire
377 2308 460 2391 solo,
483 2329 556 2372 oum
577 2306 687 2372 ludere
710 2306 796 2372 forte
819 2306 983 2390 uidentur,

136 2397 337 2481 portendunt
359 2396 501 2478 tibimet3
524 2396 614 2462 oanis
637 2395 671 2460 id
694 2395 907 2480 praesentiat,
930 2396 1018 2461 ultro

48 2501 118 2554 1860
137 2486 286 2551 tellurem
309 2484 445 2551 fodiens.
490 2487 603 2550 tamen
625 2485 718 2568 haec,
740 2487 852 2550 tamen
875 2485 985 2549 omnia
1007 2505 1115 2548 rerum
1167 2499 1207 2542 ⁵³⁵

138 2575 248 2639 adfore
270 2575 324 2639 uel
346 2574 452 2658 primo
474 2573 604 2639 nimbos
627 2594 702 2640 mox
726 2573 795 2638 sole
819 2573 993 2656 docebunt,

210 2839 279 2890 1838
298 2837 375 2890 certa
393 2835 450 2890 suis
468 2853 482 2891 1
500 2837 590 2891 certas
608 2834 652 2891 uis
670 2834 699 2887 A
750 2839 818 2889 1831
837 2834 899 2889 ouis
918 2851 931 2889 1
949 2834 992 2888 uis
1010 2835 1038 2888 A
1085 2838 1154 2889 1838

136 2907 295 2962 insaturata
317 2903 372 2961 cibi
397 2921 411 2961 1
432 2905 540 2962 insutus
563 2905 683 2962 atacibis
700 2906 729 2959 A
801 2911 872 2960 1888
895 2905 924 2959 id
942 2922 959 2960 1
978 2907 1008 2960 11
1026 2907 1053 2960 A
1072 2921 1155 2960 1111

138 2983 207 3035 1841
232 2977 350 3046 adpetat
371 2976 486 3032 (11111111
508 2976 618 3047 appetit
636 2978 664 3032 A
751 2981 819 3032 1848
843 2975 997 3032 abscedant
1018 2993 1035 3031 a
1059 2991 1155 3030 ascen·

138 3049 208 3104 dant
225 3048 253 3101 A
271 3048 443 3103 abscendant
461 3064 475 3102 1
554 3052 624 3103 1844
642 3063 742 3118 uesper
760 3047 838 3102 adire
855 3065 872 3102 a
890 3061 1008 3118 uespera
1026 3047 1085 3102 dira
1104 3049 1156 3101 Ac

140 3125 209 3176 1841
229 3118 373 3189 conpellat
391 3116 573 3188 (Compellat)
587 3135 601 3173 1
614 3117 773 3188 compellas
786 3119 814 3172 A
827 3120 837 3188 ΙΙ
850 3119 961 3174 nimbos
979 3135 993 3173 1
1012 3117 1086 3173 enim
1104 3117 1155 3172 boe

139 3194 167 3246 A
254 3195 322 3245 184'1
345 3190 446 3260 lingua
466 3206 484 3244 1
506 3189 633 3259 linguam
655 3191 706 3245 Aa
787 3194 856 3244 1848
880 3191 932 3244 aut
953 3206 967 3244 1
989 3188 1026 3244 ad
1048 3189 1076 3243 A
1094 3190 1104 3260 ΙΙ
1125 3187 1156 3242 in

139 3277 276 3316 armumc
294 3260 342 3316 ina
359 3261 457 3331 pinum
471 3260 500 3315 A
555 3265 623 3316 1811
644 3260 760 3330 spinisc
778 3259 853 3329 pinis
866 3261 895 3314 A
913 3259 1035 3330 pinniee
1086 3265 1154 3316 1⁸52

140 3348 227 3388 caeno
249 3347 263 3387 1
286 3347 355 3387 cena
377 3333 405 3386 A
497 3335 567 3386 1814
588 3331 671 3401 lupus
689 3348 703 3386 1
719 3331 797 3384 lusus
816 3330 844 3383 A
935 3336 1004 3386 1818
1022 3332 1155 3400 potense

139 3405 241 3472 potens
258 3403 309 3459 Ae
364 3407 433 3458 1818
453 3402 483 3457 id
500 3403 674 3471 praesentiat
686 3402 760 3456 ultro
775 3401 874 3469 scripsi
888 3402 922 3470 ef.
937 3401 1052 3458 Heroas
1066 3400 1160 3457 XIII

136 3490 167 3546 p.
187 3476 243 3531 362
262 3491 290 3531 c.
309 3478 345 3532 45
364 3473 405 3529 idi
423 3471 515 3530 rantis
533 3472 638 3529 adultis
656 3473 684 3528 A
702 3471 732 3528 id
750 3469 908 3541 praesentia
925 3473 1001 3528 ultro
1020 3490 1034 3529 1
