2592 3894
557 191 773 255 ..13-

157 332 285 400 Cretaei
308 333 443 418 pecoris.
482 331 563 396 haec
585 331 637 397 lac
659 333 857 396 memoretur
880 329 1012 394 alumno

157 420 314 487 infudisse
336 421 409 487 Ioui
432 441 562 504 capra,
584 419 694 484 nutrix
716 418 802 484 diota
824 415 980 483 tonantis.

159 510 325 597 stelligero
350 511 506 576 subuecta
528 508 603 593 polo
628 512 691 592 est,
713 507 767 572 ille
790 506 917 591 inpiger
940 507 1047 569 cutem

87 615 140 664 410
159 599 293 683 pulcher
311 597 545 663 Erichthonius
568 618 680 662 currus
704 597 912 678 etquattuor
935 593 1014 658 olim

159 687 266 752 iunxit
288 707 403 771 equos,
425 706 546 769 pronus
569 685 714 770 quinon
736 683 849 768 procul
872 682 907 746 in
930 681 1143 768 geminorum

158 777 254 841 laeua
276 775 362 840 iecet
383 773 520 859 fusoque
543 795 639 856 super
662 795 697 838 se
720 793 855 856 corpore
878 769 982 834 tendit

158 863 316 948 plurimus
340 861 444 948 adque
466 862 596 927 Helices
619 863 717 944 ceput
738 859 913 925 inclinatur
936 859 978 923 sb
1002 879 1065 924 crs.

158 953 213 1017 ille
233 950 362 1036 quidem
380 952 416 1016 in
435 951 576 1035 spatium
590 950 736 1014 membra
750 948 900 1033 explicat,
917 951 954 1013 ut
968 968 1066 1031 capre
1079 947 1188 1015 laeuo

25 1074 36 1092 ι
86 1056 138 1104 415
157 1042 222 1105 fixa
244 1061 356 1105 umero
379 1041 464 1104 clere
488 1039 683 1122 sustollitur,
706 1037 808 1121 ipsius
832 1041 940 1101 autem

156 1129 221 1193 fine
244 1150 360 1194 manus
383 1150 502 1213 paruas
525 1126 733 1193 haedorum
757 1124 884 1208 suspice
907 1124 1063 1189 flammas.

158 1217 214 1301 qui
236 1220 410 1301 postquam
434 1214 562 1281 Oceano
587 1237 656 1280 sess
679 1214 848 1299 expediere
871 1234 1004 1297 sonoro,

158 1327 258 1370 saeua
279 1304 470 1388 procellosis
493 1303 665 1367 inmittunt
686 1303 789 1367 flabra
810 1302 954 1386 fluentis,

158 1396 195 1458 ut
218 1414 371 1476 spumosa
393 1391 477 1456 truci
499 1391 668 1476 pulsentur
689 1391 788 1457 litora
809 1390 909 1455 fluctu

88 1497 140 1546 410
159 1485 192 1546 et
215 1501 301 1566 nega
323 1481 486 1546 caeruleas
508 1480 681 1545 inuolusnt
703 1500 844 1563 sequere
866 1499 1002 1563 puppes.

202 1567 272 1634 Nec
294 1569 402 1634 minus
426 1569 558 1654 aurigae
581 1589 646 1653 que
669 1570 746 1632 sunt
768 1567 909 1652 uestigia
931 1566 1035 1651 curui,

158 1658 318 1744 cornigeri
341 1658 407 1722 lete
430 1657 608 1723 tenduntur
630 1658 762 1740 pectora
785 1655 900 1721 tauri.

158 1745 226 1811 illic
249 1750 411 1811 saetosam
434 1744 561 1829 pecoris
584 1744 768 1829 perquirere
791 1743 932 1809 frontem

159 1837 228 1899 estc
254 1855 390 1917 memor,
412 1833 496 1898 flexo
518 1833 604 1898 iacet
627 1833 696 1898 illic
719 1853 824 1916 crure,
847 1832 988 1897 minaces

84 1938 137 1987 425
156 1922 333 1986 interram
355 1920 458 2007 figens
482 1922 603 1987 oculos.
643 1942 711 1986 non
733 1924 842 1987 cetera
865 1920 959 2005 signa

120 2042 123 2050 ·
155 2010 359 2076 flammarum
383 2009 520 2076 similem
544 2011 658 2094 procul
680 2009 766 2074 inter
789 2008 895 2074 sidera
917 2008 1055 2074 formam

157 2102 320 2164 ostentare
343 2099 463 2164 ualent.
508 2099 639 2182 gemino
665 2098 710 2162 sic
733 2118 855 2162 cornua
876 2096 973 2163 ductu

156 2187 254 2272 erigit
278 2187 414 2252 aetherii
436 2187 532 2272 uigor
553 2187 641 2272 ignis
665 2191 699 2251 et
720 2186 806 2272 ignis
828 2186 989 2270 utrimque

157 2276 203 2340 sic
226 2275 365 2340 camuris
390 2274 482 2340 ardet
503 2274 737 2359 protractibus,
758 2274 840 2339 haut
862 2274 922 2338 tibi
946 2273 1049 2359 signis

85 2378 138 2428 4³⁰
156 2363 466 2537 (1111110
484 2365 614 2517 llll
637 2363 853 2536 1111ᾟί13
855 2383 928 2515 1ιέ
930 2366 1026 2447 ”W

278 2502 285 2517 ·
926 2499 935 2534 1

226 2595 279 2646 401
299 2589 409 2646 Cretaei
425 2590 535 2660 pecoris
552 2606 569 2645 c
588 2588 671 2644 Crete
689 2589 749 2659 ipse
769 2588 841 2643 coris
861 2588 888 2641 V
899 2585 981 2662 Crete
1000 2586 1060 2657 ipse
1080 2587 1170 2645 choris

154 2660 183 2715 A
205 2660 306 2717 crocei
329 2661 437 2732 pecoris
460 2679 474 2716 c
495 2663 506 2730 4
527 2662 598 2716 haec
620 2677 637 2715 o
659 2659 707 2714 hic
734 2658 804 2715 VAc
885 2663 937 2713 409
961 2659 1004 2714 est
1027 2658 1054 2713 V
1074 2675 1122 2716 om.
1141 2661 1169 2714 A
1275 2705 1276 2708 ,

155 2736 209 2786 410
226 2731 427 2789 Erichthonius
444 2732 473 2787 A
491 2731 651 2788 Erictcnius
675 2730 702 2784 V
780 2735 831 2783 411
850 2727 943 2784 iunxit
965 2730 992 2783 V
1007 2728 1099 2800 iungit
1115 2732 1142 2785 A
1160 2733 1169 2803 ll
1275 2731 1276 2740 ²

155 2789 1166 2943 1011011110111111111111

154 2962 182 2999 c.
205 2947 262 3000 421
285 2945 449 3001 transibitur
468 2943 614 3000 TAVRVS
638 2941 690 2996 VA
762 2947 815 2997 423
839 2944 980 2999 saetosam
1003 2944 1110 2999 corceat
1129 2961 1166 2999 se·

155 3017 267 3070 tonsam
289 3014 316 3070 V
331 3018 451 3072 setcsem
470 3015 498 3070 A
570 3019 623 3069 415
641 3014 729 3083 figens
748 3014 776 3067 A
794 3013 902 3084 fingens
927 3013 978 3083 Vl
998 3029 1053 3069 non
1071 3014 1167 3083 scripsi

154 3086 190 3152 cf.
209 3086 323 3142 Hermes
342 3086 417 3141 XII
431 3104 462 3157 p.
481 3089 535 3141 153
553 3101 581 3138 a.
599 3089 638 3139 18
656 3086 718 3138 tum
742 3083 812 3140 VAe
883 3090 936 3140 428
958 3085 1041 3154 uigor
1058 3084 1167 3141 Grotius

154 3155 232 3225 rigor
260 3157 312 3212 VA
401 3163 453 3213 429
478 3155 519 3211 sic
543 3155 661 3210 0111111111
683 3169 700 3210 0
724 3153 812 3212 Sicca.
836 3158 921 3210 muris
949 3155 976 3210 V
996 3153 1020 3210 11
1043 3157 1167 3226 (commit

154 3243 187 3281 m.
209 3228 442 3294 1)chcmm·isA
462 3225 1166 3298 810111011111111114001111111111171111111

154 3295 208 3351 tibi
233 3297 315 3353 Vibi
333 3300 361 3353 A
424 3304 477 3354 430
496 3295 559 3352 aliis
576 3295 686 3366 pecoris
710 3297 737 3351 V
753 3297 816 3352 aliis
834 3297 876 3352 fro
895 3298 1005 3368 (decuit
1022 3314 1056 3353 m.
1075 3298 1103 3366 1)
1121 3311 1164 3366 pe·

155 3367 227 3422 coris
246 3369 273 3422 A
295 3372 305 3440 l
329 3385 448 3438 aequore
467 3369 564 3437 surget
581 3368 609 3422 A
628 3384 718 3437 aequo
736 3369 864 3437 resurget
887 3369 914 3423 V
982 3373 1033 3423 431
1054 3368 1164 3438 depren-

154 3435 228 3494 deris
246 3455 262 3494 0
281 3439 410 3509 depuleris
433 3440 461 3496 V
476 3437 694 3510 deprehenderis
710 3439 738 3496 A
758 3438 978 3509 deprehenderis
997 3455 1010 3492 e
