2592 3894
573 232 790 296 ,44-

90 389 158 441 1000
176 373 264 438 illius
287 371 415 438 Oceano
439 375 597 458 quantum
620 372 838 460 submergitur
861 373 943 457 alto,

177 465 305 527 tantum
328 461 455 528 telluris
479 461 726 546 supereminet
772 462 923 527 omnibus
945 462 1008 528 iste

177 550 328 617 noctibus
351 551 500 616 inlabens
523 549 641 635 pelago
665 571 722 615 sex
743 551 858 615 inserit
881 553 984 630 astra,

178 661 233 704 sex
256 642 396 724 reparet.
440 641 535 703 tanto
559 661 624 705 nox
647 639 758 704 umida
778 642 926 723 tempore
949 661 1078 724 semper

177 728 335 812 tenditur,
358 727 507 793 extulerit
530 730 687 813 quantum
711 749 745 792 se
769 728 905 794 circulus
927 729 1033 794 undis.

91 833 159 884 1000
222 816 268 881 At
291 816 319 882 si
343 817 423 881 scire
446 815 542 901 uelis,
565 837 657 882 mora
679 817 784 881 lucem
808 819 932 900 quanta
954 820 1096 884 retentet

179 907 212 969 et
234 909 357 990 quanto
379 927 444 971 nox
468 910 540 970 atra
563 905 626 971 sibi
649 905 760 971 trahat
782 907 849 971 otia
871 905 979 990 lapsu:

178 1015 260 1077 quae
283 995 398 1078 procul
421 993 553 1060 Oceano
577 996 790 1079 consurgunt,
814 992 908 1079 signa
931 996 1060 1081 notato,

177 1082 296 1147 horum
320 1103 448 1168 semper
470 1083 556 1148 enim
580 1104 688 1149 comer
712 1086 763 1148 est
784 1082 934 1148 Titanius
956 1084 1022 1147 uni.

177 1171 295 1236 horum
317 1171 424 1257 prima
447 1172 551 1237 oculis
574 1192 699 1237 memor
720 1169 917 1237 incunabula
940 1192 1072 1258 quaere,

92 1256 159 1325 1000
179 1259 312 1324 luminis
336 1260 408 1345 ipsa
431 1260 509 1344 uagi
533 1265 669 1345 captans
691 1261 880 1344 uenatibus,
902 1261 989 1344 ipsa,

177 1349 250 1430 ipsa
272 1351 389 1413 notens
413 1348 543 1413 mundo.
587 1370 669 1433 quae
692 1349 720 1413 ri
744 1370 779 1414 sc
801 1349 943 1414 nubibus
965 1348 1086 1414 abdent

178 1439 235 1500 aut
257 1437 299 1520 si,
323 1457 396 1501 cum
419 1439 571 1521 surgunt,
594 1441 632 1502 ut
653 1437 751 1501 tellus
774 1458 870 1521 saepe
892 1438 1059 1523 tumescit,

179 1526 342 1591 occultata
364 1526 441 1611 iugo
465 1529 696 1610 praetextaque
718 1547 801 1612 rupe
822 1525 985 1611 latebunt,

177 1614 408 1699 promptaria
431 1617 481 1680 est
504 1615 576 1679 aliis
599 1614 788 1680 uenientum
811 1618 961 1700 tempora
983 1614 1085 1699 signis

91 1716 160 1767 1070
179 1723 322 1768 noscere.
366 1725 506 1787 namque
529 1705 601 1788 ipso
625 1703 830 1787 deprenderis
853 1703 958 1768 indice
981 1705 1099 1768 cuncta

178 1790 322 1876 Oceano,
345 1811 500 1876 magnam
523 1813 588 1875 qua
610 1792 731 1857 circum
755 1793 962 1876 amplectitur
982 1791 1078 1856 undis

178 1881 341 1963 tellurem,
364 1883 477 1944 curuet
500 1879 634 1946 celando
656 1884 694 1944 ut
715 1880 815 1946 litora
836 1881 956 1946 mundo

177 1968 277 2034 latius
301 1968 404 2053 adque
429 1968 501 2034 sinu
522 1969 629 2054 patuli
652 1969 729 2034 salia
753 1968 883 2035 hauriat
906 1973 1003 2034 astra.

177 2056 272 2122 istius
295 2057 449 2123 indicium
472 2057 673 2142 praebebunt
696 2078 817 2123 cornua
840 2077 979 2142 semper,

92 2159 159 2211 1075
178 2145 231 2210 uel
255 2146 417 2211 matutino
441 2168 504 2231 qua
527 2146 700 2230 perstrepit
722 2168 797 2211 aera
817 2146 930 2231 fluctu,

179 2255 253 2300 acer
277 2235 423 2300 Atlantei
445 2234 498 2300 uel
521 2256 585 2319 qua
606 2233 688 2300 furit
709 2235 859 2320 aequoris
883 2237 983 2300 aestu.

223 2321 311 2388 Nam
333 2344 401 2388 non
423 2323 593 2407 obscurae,
616 2345 690 2388 cum
712 2345 849 2389 cancer
871 2325 1055 2390 commouet
1077 2328 1195 2409 ortum,

179 2410 309 2476 Oceano
332 2412 447 2476 stellae
471 2411 765 2477 circumuoluentur
786 2416 938 2497 utroque,

178 2499 214 2562 in
236 2499 322 2564 freta
344 2500 489 2566 labentes
513 2504 571 2566 aut
593 2522 675 2585 quae
697 2521 733 2567 sc
755 2522 866 2566 rursus
891 2502 941 2567 eoi

93 2603 161 2653 1000
180 2590 273 2671 parte
296 2588 404 2652 ferunt
426 2589 548 2654 mundi.
592 2588 722 2655 Minoae
746 2591 835 2656 clara
858 2608 994 2655 coronae

179 2679 267 2741 serta
290 2676 418 2761 cadent,
442 2678 544 2743 austri
566 2680 662 2763 tergo
685 2678 780 2744 cadet
801 2678 910 2745 incola
931 2678 1039 2764 piscis.

176 2765 265 2829 hunc
286 2765 430 2831 medium
453 2767 592 2851 pendere
615 2769 725 2831 tamen
748 2765 953 2853 mediumque
977 2768 1037 2832 sub
1060 2766 1165 2833 undas

251 2927 320 2977 1000
344 2923 554 2992 supereminet
577 2924 686 2979 corrasa·
707 2923 895 2993 supereminet
922 2923 974 2978 VA
1053 2929 1123 2979 1000
1146 2940 1193 2978 ex-

176 2993 276 3048 tulerit
292 2992 322 3049 A
340 2992 484 3048 extullerit
506 2993 533 3049 V
574 2994 758 3049 1001010100
781 2994 807 3048 V
822 2992 911 3049 trehit
927 2995 955 3049 A
1000 2999 1070 3051 1000
1088 2993 1194 3051 mundo

178 3080 250 3134 quae
268 3066 296 3118 A
315 3064 448 3132 mundoq:
472 3063 523 3133 Vfl
541 3063 566 3118 si
585 3063 699 3120 Grotius
716 3065 757 3121 sic
780 3065 832 3121 VA
906 3070 974 3121 1007
993 3081 1057 3120 cum
1076 3067 1196 3136 surgunt

177 3136 277 3205 sampsi
290 3137 462 3205 consurgunt
481 3134 532 3190 VA
546 3136 581 3202 cf.
594 3135 708 3191 Hermes
722 3135 786 3191 XV
791 3152 822 3206 p.
837 3139 894 3191 180
911 3153 940 3192 a.
954 3141 992 3191 60
1030 3140 1098 3192 1008
1113 3152 1194 3206 prae·

178 3209 311 3274 textaque
332 3207 434 3276 scripsi
454 3207 658 3275 praetentaque·
686 3206 738 3261 VA
824 3213 892 3262 1000
916 3205 979 3261 aliis
1001 3223 1018 3261 o
1041 3206 1092 3262 alii
1119 3207 1196 3262 VAc

179 3279 249 3330 1070
271 3293 386 3332 noscere
415 3276 443 3331 V
461 3291 572 3332 nossere
594 3280 623 3331 A
645 3279 655 3346 [1
677 3277 858 3348 deprenderis
884 3277 911 3333 V
931 3278 1149 3351 depxphenderis
1166 3277 1196 3332 A

180 3350 249 3400 1070
266 3363 333 3402 aera
350 3347 380 3402 A
397 3363 461 3402 aere
484 3346 512 3401 V
558 3353 626 3404 1077
646 3349 780 3404 obscurae
803 3348 830 3404 V
846 3349 964 3404 obscure
980 3351 1009 3403 A
1054 3354 1125 3403 1070
1144 3353 1197 3404 aut

179 3418 374 3487 quaeAautq=
390 3417 442 3488 V]
459 3434 489 3472 se
503 3419 613 3476 eddidit
623 3420 737 3477 Grotius
745 3435 795 3476 cm.
811 3419 882 3474 VAc
919 3419 1196 3476 1080Minoaeelara
1288 3423 1289 3457 ³

177 3488 206 3542 A
220 3487 339 3543 minoeai
351 3487 464 3543 aeclara
482 3487 509 3541 V
544 3494 611 3545 1001
625 3494 706 3561 tergo
719 3507 736 3547 e
749 3507 818 3562 ergo
835 3490 909 3549 VAc
921 3493 933 3561 Ι
945 3490 1065 3548 cadetA
1079 3489 1150 3547 cade
1171 3489 1199 3544 V
