2592 3894
538 207 734 271 ,3-

115 352 213 414 terra
237 349 327 435 gelu,
349 370 407 414 ner
429 353 468 414 ut
489 348 617 414 blandis
640 348 788 414 adridcat
811 348 913 434 auris,

115 437 351 521 puluerulenta
374 437 429 503 siti
451 438 601 504 tellurem
623 441 662 502 ut
684 439 807 502 torreat
830 441 938 503 aestas

51 541 92 590 40
116 529 155 591 et
181 527 292 611 grauis
316 528 463 592 autumni
485 527 597 592 redeat
618 525 724 590 fetura
747 526 900 610 parentis.

115 613 187 679 hoc
210 615 289 680 duce
311 637 371 700 per
392 615 509 681 tumidi
532 615 667 680 ferimur
689 615 773 681 freta
796 614 951 701 gurgitis,
974 615 1039 680 isto

116 707 333 788 praeceptore
356 705 462 770 solnm
485 705 639 790 grauibus
662 725 829 769 uersamus
853 703 978 771 aratris.

115 793 185 857 istc
208 793 339 858 modum
362 794 478 858 statuit
502 794 617 879 signis,
640 792 693 858 hic
715 793 812 858 rebus
835 792 993 858 honorem

116 880 279 964 infundit,
303 883 446 947 tenebris
469 882 523 947 hic
544 881 751 946 interlabitur
773 881 919 964 aethrae,

56 985 94 1034 45
117 969 249 1035 uiscera
271 974 305 1035 et
328 976 477 1036 aeternos
502 971 627 1036 animat
651 969 837 1055 genitabilis
861 973 959 1034 artus.

117 1057 262 1143 denique
284 1081 325 1124 ne
347 1061 482 1145 longum
505 1060 684 1124 marcentia
707 1054 805 1122 corda
828 1058 972 1123 iacerent

117 1147 340 1232 mundanique
364 1152 455 1213 ortus
479 1169 571 1212 mens
594 1147 755 1212 inmemor
777 1147 886 1212 omnia
908 1145 1029 1211 sensim

117 1234 200 1300 uilia
223 1237 406 1320 conciperet
427 1258 531 1322 neque
555 1257 589 1300 se
613 1235 805 1301 subduceret
827 1256 980 1320 umquam

117 1323 224 1388 fontis
247 1323 281 1387 in
304 1325 427 1389 aeterni
449 1325 638 1410 primordia,
661 1346 724 1408 quo
748 1323 839 1388 uelut
861 1324 981 1407 amnis,

62 1427 98 1477 50
120 1432 219 1494 quem
242 1412 361 1478 festina
382 1413 455 1479 citis
478 1416 573 1498 urget
594 1417 713 1478 natura
734 1412 880 1496 fluentis,

118 1499 216 1584 lapsu
239 1502 393 1568 continuo
415 1503 560 1568 ruiturae
582 1503 617 1566 in
640 1523 777 1586 corpora
798 1509 912 1567 nostra

118 1595 338 1673 prorumpunt
358 1591 488 1656 animae
511 1591 690 1674 seriemque
712 1612 771 1673 per
794 1589 926 1654 aethera
948 1591 1097 1654 nectunt:

118 1676 172 1742 hic
194 1679 334 1762 primum
358 1677 467 1744 Ouidii
489 1679 615 1744 radium
639 1678 724 1744 senis
747 1678 860 1742 intulit
884 1677 981 1742 astris

118 1767 353 1853 mortalemque
376 1768 467 1852 loqui
490 1767 601 1832 docuit
623 1789 770 1833 conuexa
792 1766 938 1850 deorum,

65 1871 99 1920 55
119 1875 178 1919 cur
199 1853 418 1940 Hyperionios
442 1877 527 1941 nepa
549 1855 813 1922 circumflecteret
835 1855 942 1940 ignes,

120 1945 269 2010 autumni
289 1945 394 2010 reditu
418 1967 474 2011 cur
497 1945 557 2010 sub
581 1945 689 2030 gelido
714 1944 900 2028 capricorno

119 2032 235 2098 bruma
256 2035 403 2118 pruinosi
426 2035 505 2119 iuga
526 2035 636 2098 tristia
657 2032 800 2098 solueret
822 2031 911 2116 anni,

120 2141 176 2185 cur
199 2123 341 2206 spatium
364 2122 460 2205 lucis,
484 2121 633 2186 madidae
656 2142 713 2186 our
735 2124 881 2203 tempora
903 2120 1009 2185 noctis

57 2215 60 2222 '
119 2208 203 2274 libra
225 2211 371 2295 celerque
394 2211 478 2276 aries
502 2210 654 2275 demenso
678 2209 817 2295 pondere
840 2207 973 2294 Olympi

188 2477 222 2527 38
258 2472 389 2529 adrideat
419 2473 494 2528 auris
526 2473 675 2530 Sclaaderi
706 2472 915 2528 commentarius
944 2471 1133 2528 Beroliacasic

120 2541 153 2596 Η
205 2543 261 2599 tias
278 2545 314 2612 cf.
333 2545 447 2600 Hermae
470 2545 497 2600 V
509 2562 539 2614 p.
559 2549 614 2601 189
633 2543 731 2599 adride
749 2541 855 2599 ataruis
874 2542 901 2597 V
916 2543 1040 2598 arrideat
1058 2544 1132 2598 aruis

118 2613 146 2667 A
198 2613 291 2670 rideat
309 2614 417 2670 arnisc
479 2621 513 2670 41
537 2616 593 2671 isto
612 2633 625 2670 c
643 2631 694 2670 om.
717 2614 744 2669 V
759 2616 788 2670 et
806 2630 863 2684 quo
880 2614 936 2670 into
956 2615 997 2682 (et
1014 2630 1069 2682 quo
1088 2615 1132 2669 dc·

120 2684 182 2739 lead
204 2701 304 2740 maras
325 2689 354 2754 1)
376 2684 404 2739 A
475 2693 510 2742 42
538 2702 682 2742 careamus
710 2686 737 2741 V
757 2687 887 2740 uersatur
904 2687 932 2738 A
952 2687 962 2754 l
985 2684 1085 2739 aratris
1103 2686 1132 2739 A

120 2755 204 2812 aaut
229 2756 256 2811 V
272 2757 391 2813 eretria
462 2762 497 2812 44
519 2757 643 2813 infundit
664 2755 692 2812 V
706 2755 813 2811 Inludit
830 2757 878 2812 Aa
949 2760 985 2810 45
1003 2757 1131 2811 aeternos

120 2825 222 2884 animat
242 2826 293 2881 VA
311 2827 459 2884 aethereos
478 2828 605 2884 animans
624 2827 740 2885 Gratim
758 2828 793 2894 cf.
809 2826 924 2882 Hermes
941 2826 1015 2880 XII
1026 2843 1058 2895 p.
1076 2831 1131 2881 153

119 2913 145 2951 a
162 2903 197 2952 16
210 2899 220 2966 ll
233 2897 396 2967 genitabilis
420 2899 458 2955 Vc
476 2899 646 2970 genitalibus
664 2899 692 2953 A
764 2898 935 2968 4610ngum
959 2897 997 2953 Vc
1016 2897 1052 2952 ad
1070 2895 1131 2951 lon·

120 2985 182 3038 gom
203 2970 231 3022 A
320 2975 355 3024 4'1
379 2971 598 3026 omniasensim
620 2967 823 3026 somniastis
847 2968 873 3023 V
893 2969 988 3025 omnia
1011 2968 1079 3022 satie
1101 2967 1130 3021 A

120 3039 207 3095 omnia
224 3039 325 3096 senne
396 3047 431 3097 48
450 3041 520 3096 uilia
537 3040 672 3112 cVigilic
690 3040 741 3097 VA
760 3042 770 3112 ΙΙ
787 3056 921 3110 umquam
941 3040 968 3095 V
983 3041 1016 3092 ut
1034 3055 1088 3106 que
1102 3040 1130 3092 A

120 3115 150 3164 51
163 3112 257 3167 nostra
276 3111 314 3166 Vc
327 3114 422 3186 nosne
436 3111 464 3166 A
505 3113 711 3182 canonemque
731 3109 951 3180 VeseriequeA
988 3115 1022 3164 53
1037 3107 1130 3163 Cnidii

120 3181 223 3236 radium
246 3182 273 3237 V
293 3183 391 3238 cinidii
414 3182 523 3237 radium
547 3183 584 3239 Va
602 3199 665 3239 cum
689 3183 759 3238 dura
781 3183 830 3238 din
848 3186 876 3238 A
948 3187 982 3236 66
1001 3181 1128 3236 autumni

120 3253 245 3310 centuni
269 3253 296 3308 V
312 3253 458 3310 auctumni
475 3255 502 3307 A
521 3256 579 3310 Aut
595 3257 664 3310 tunc
682 3254 826 3323 algelido
844 3270 858 3308 e
876 3252 970 3322 legido
993 3250 1020 3305 V
1034 3251 1128 3322 legido

120 3339 211 3380 manac
230 3329 247 3379 1
265 3323 368 3396 frigido
386 3341 486 3380 manaa
504 3325 567 3380 2A
621 3331 655 3381 59
669 3326 801 3380 demenso
814 3324 937 3394 pondere
951 3339 965 3377 a
979 3322 1127 3378 demensus.

121 3395 214 3450 endere
242 3395 269 3451 V
294 3396 442 3452 demersos
470 3396 570 3452 cudere
593 3396 622 3451 A
651 3397 776 3452 dimenso
805 3395 928 3466 pondere
953 3393 1068 3452 Gratim
1092 3395 1127 3459 cf.

37 3515 42 3526 ,
121 3465 226 3522 Hermes
246 3467 342 3522 XIII
353 3484 384 3538 p.
403 3471 460 3524 357
477 3484 506 3523 a.
525 3472 561 3524 33

927 3553 963 3608 1*
