2592 3894
142 375 207 438 qua
242 353 307 419 alia
339 353 479 420 editione
511 356 689 421 recentiore
721 357 880 421 memoria
910 357 1045 442 dignum
1077 357 1159 423 mihi

140 443 250 507 uisum
263 446 342 526 erat,
355 444 507 529 uulgatae
522 444 669 509 lectionis
684 444 778 529 signo
793 441 840 532 (o)
854 445 978 512 notaui.
1001 449 1034 511 et
1048 467 1156 512 cruces

140 531 216 596 illas
231 531 349 596 codicis
363 530 574 598 Ambrosiani
589 533 787 598 omittendas
804 534 914 618 statui,
931 537 1157 620 praeterquam

141 619 228 704 quod
247 641 300 684 eas
320 622 457 705 exempli
476 643 574 687 eausa
592 644 622 687 u.
640 621 725 686 1099
746 626 779 686 11
799 622 884 687 1292
904 623 1031 708 reliqui,
1053 645 1156 708 nequa

140 730 193 793 ea,
221 729 302 794 quae
330 709 364 773 in
391 709 505 776 eodem
533 711 618 775 libro
646 711 861 776 interlineas
890 710 1046 777 adnotata
1073 716 1157 795 sunt,

139 818 275 884 prorsus
307 799 449 885 neglexi,
481 799 572 864 uelut
604 800 688 884 quod
718 823 748 866 ιι.
776 796 842 864 352
870 822 970 883 supra
998 804 1157 884 propter

137 887 1157 1063 1111111111111111111111111111

137 1086 204 1130 una
236 1086 309 1130 cum
340 1064 534 1131 lectionibus
567 1088 587 1130 1
612 1065 757 1130 librariis
785 1065 866 1148 ipsis
895 1066 1073 1132 emendatis
1101 1088 1156 1132 aas

138 1154 307 1237 adnotaui,
339 1175 419 1238 quas
447 1154 498 1218 illi
526 1157 624 1218 antea
650 1157 835 1237 posuerant
884 1154 951 1220 iam
978 1154 1155 1238 scripturas

138 1242 305 1327 quasdam,
329 1263 410 1326 quas
433 1242 550 1307 leuiter
571 1245 714 1308 mutatas
737 1242 854 1326 recepi,
877 1243 946 1308 sine
969 1243 1037 1308 ullo
1060 1243 1155 1328 signo

136 1331 231 1396 uncis
258 1329 403 1396 inclusas
430 1329 539 1395 addidi
566 1331 605 1396 cf.
629 1354 659 1396 u.
685 1331 758 1396 128.
784 1331 847 1396 183
871 1332 959 1396 alibi.
1004 1332 1091 1416 quod
1115 1332 1156 1396 ad

135 1441 189 1484 res
214 1418 483 1504 orthographicas
504 1420 630 1503 attinet,
653 1420 803 1484 omnibus
821 1420 911 1500 locis,
930 1423 967 1485 ut
986 1424 1082 1486 antea
1101 1419 1155 1504 (cf.

134 1528 245 1592 progr.
266 1506 336 1572 Ere
358 1531 390 1592 p.
409 1506 516 1594 VHI),
539 1509 739 1574 sollertem
764 1512 798 1573 et
820 1508 942 1593 adque
965 1509 1095 1592 scripsi3
1119 1509 1155 1574 in

136 1596 254 1662 ceteris
283 1596 393 1680 rebus,
426 1597 482 1661 ubi
510 1601 600 1662 certa
626 1597 710 1661 ratio
738 1596 873 1680 reperiri
899 1619 967 1662 non
994 1600 1155 1681 potuerat,

134 1685 391 1750 inconstantiam
424 1688 457 1749 et
491 1684 757 1750 consuetudinem
786 1684 863 1750 libri
890 1684 1154 1751 Vindobonensis

134 1775 266 1840 secutus
295 1795 375 1838 sum.
421 1795 495 1839 cum
518 1794 596 1839 uero
620 1773 832 1859 grauissimas
855 1776 984 1838 tantum
1008 1774 1153 1842 codicum
1271 1835 1275 1842 .

133 1861 291 1928 lectiones
306 1861 419 1926 afferre
435 1862 616 1947 statuerim,
629 1863 663 1926 in
678 1861 788 1928 codiee
801 1861 1018 1928 Ambrosiano
1032 1862 1050 1928 f
1052 1864 1154 1927 lama

134 1955 168 2017 at
200 1949 382 2035 flamiger
409 1950 568 2035 scriptum
596 1972 665 2016 osse
693 1950 756 2017 hoo
783 1951 854 2017 loco
882 1951 1045 2016 monuisse
1073 1951 1153 2018 satis

134 2043 195 2106 est
232 2039 329 2103 etiam
353 2039 427 2104 inde
451 2061 471 2104 a
492 2062 523 2105 u.
549 2039 633 2106 1581
658 2061 718 2123 pro
743 2039 849 2104 succi
872 2040 1043 2124 genitrix
1066 2040 1154 2105 simi-

132 2129 220 2194 libus
239 2129 358 2193 taoitus
375 2128 472 2212 posui
491 2128 574 2193 suoi
593 2128 771 2212 genetrix
790 2127 863 2193 alia
899 2127 1023 2192 inuitus
1042 2131 1153 2194 tamen

132 2217 232 2282 omisi
255 2216 351 2282 haec:

227 2302 289 2367 139
313 2304 435 2370 ciseum
457 2305 540 2370 flexo
558 2304 592 2370 A
626 2305 693 2370 213
712 2305 919 2389 Neptunique
937 2304 971 2370 A
1011 2305 1077 2372 510
1096 2309 1153 2370 aut

138 2393 171 2458 V
195 2390 282 2457 haud
311 2392 345 2458 A
411 2394 477 2460 826
511 2395 632 2478 piscem
664 2395 797 2460 oorrecit
827 2393 859 2460 V
919 2394 983 2459 843
1017 2395 1151 2460 circum·

130 2480 301 2547 uoluultur
334 2481 365 2546 V
410 2481 475 2548 909
502 2505 544 2548 ne
572 2506 653 2569 quaa
680 2483 714 2548 A
759 2482 825 2548 915
853 2483 977 2548 oaelula
1009 2483 1040 2548 V
1084 2483 1148 2548 941

131 2574 191 2634 aut
219 2569 250 2634 V
291 2570 357 2635 916
381 2571 542 2636 creditV
583 2571 669 2637 1093
692 2581 829 2636 consors
852 2571 885 2634 A
932 2572 1018 2636 1106
1042 2571 1151 2636 condi·

130 2662 185 2723 tus
209 2659 242 2722 A
291 2658 376 2724 1123
400 2659 539 2724 sintillas
562 2661 603 2724 A

222 2744 286 2810 Sed
313 2768 378 2832 quo
406 2747 534 2813 facilius
560 2751 684 2831 pateat,
713 2751 834 2832 quanta
860 2747 1040 2814 intercedat
1061 2747 1150 2813 diffe-

130 2836 238 2900 rentia
262 2835 350 2900 inter
373 2835 524 2920 uulgatus
548 2836 702 2902 lectiones
726 2840 761 2901 et
782 2838 924 2919 nostras,
952 2835 1012 2902 has
1035 2836 1149 2921 quauis

130 2945 238 2989 rerum
261 2923 589 3008 orthographioamm
607 2924 808 2990 dissensione
826 2925 975 3009 neglecta
993 2946 1066 2990 cum
1085 2924 1150 2988 edi·

129 3012 230 3097 tione,
253 3033 351 3097 quam
369 3011 405 3077 F.
425 3009 460 3077 0.
479 3011 637 3078 Matthiae
655 3013 794 3097 parauit,
815 3013 863 3078 ita
885 3013 1090 3094 contulimus,
1112 3015 1150 3078 ut

131 3100 325 3167 lectionibus
353 3100 442 3166 illius
469 3105 598 3166 nostras
622 3101 821 3166 adderemus
867 3104 943 3167 sunt
965 3099 1050 3164 enim
1073 3099 1149 3166 hae:

223 3192 240 3254 l
264 3191 412 3274 inceptor
431 3193 436 3268 Ι
457 3189 606 3256 incentor
645 3189 667 3253 2
691 3190 851 3255 excelsam
871 3197 877 3265 Ι
896 3192 929 3252 11
947 3188 1066 3256 celsam
1108 3190 1148 3256 13

130 3278 244 3344 mundi
257 3278 432 3365 primigeni
452 3279 457 3362 1
477 3278 596 3344 mentis
610 3277 808 3363 primigenae
847 3277 888 3342 15
902 3275 1016 3342 foedus
1037 3283 1042 3358 1
1062 3277 1148 3344 fetus

133 3367 173 3430 11
189 3389 227 3432 su
250 3389 375 3434 romum
390 3365 395 3454 1
412 3366 589 3434 secundum
633 3367 677 3432 20
695 3370 786 3432 actor
801 3362 805 3452 1
821 3367 933 3432 auctor
977 3367 1019 3434 21
1035 3370 1150 3450 pastor

130 3389 361 3543 111111111111
375 3459 470 3542 pater
509 3455 554 3523 22
567 3454 749 3541 perrumpit
764 3451 768 3540 1
785 3453 931 3539 perrupit
971 3454 1124 3538 2111111
1141 3450 1146 3537 1
