2592 3894
515 249 559 258 -
604 230 680 277 XVII
727 247 768 258 ··

114 358 217 424 haud
237 379 354 442 parum
373 355 504 440 arridet,
526 359 638 420 tamen
656 354 743 439 quod
760 353 881 419 Auiani
898 354 975 420 libri
993 355 1152 439 praebent

116 444 378 531 praeferendum
402 466 473 510 esse
495 464 621 510 censeo.
666 465 743 508 nam
761 441 1083 509 Lacedaemoniis
1102 445 1151 510 ui-

118 537 226 602 detur
247 556 318 600 esse
341 555 436 599 cesus
457 533 584 616 tertius,
605 535 643 598 ut
661 553 733 597 eam
752 553 866 598 uocem
884 536 1016 598 auctore
1036 531 1150 599 Grotio

118 645 204 690 curn
226 622 423 708 Aphidnis
447 621 602 707 coniungi
624 642 756 687 necesse
779 641 847 687 non
870 621 922 688 sit

218 711 290 778 Iam
317 733 394 777 uero
422 711 486 795 illi,
513 709 570 794 qui
598 733 628 774 u.
651 709 718 776 582
746 731 803 776 sex
830 711 918 776 solas
941 732 959 776 e
982 711 1150 777 Pleiadum

120 821 265 867 numero
289 799 378 868 cerni
406 799 550 866 carmine
577 799 713 883 adserit,
742 821 862 865 nomen
890 803 942 865 est
964 799 1151 886 Minthcs,

122 890 216 977 quod
239 893 326 956 recte
348 889 485 974 praebet
513 888 548 972 V,
570 909 639 953 non
652 887 861 972 ,Mynthea
884 890 971 972 quod
994 890 1150 974 seriptum

15 1011 17 1042 l
123 983 179 1045 est
207 980 243 1044 in
269 978 315 1065 A,
348 982 405 1044 aut
432 980 623 1061 Amyntas
656 980 714 1042 aut
741 974 980 1061 Smintheus,
1013 1000 1150 1063 quorum

15 1129 16 1134 ,
122 1067 297 1134 nominum
319 1067 402 1132 illud
425 1065 466 1134 N.
488 1065 659 1150 Heinsius,
684 1065 747 1130 hoc
770 1064 795 1130 L
819 1062 1062 1152 Schaubachius
1086 1068 1150 1133 sibi

15 1205 17 1226 .
124 1157 336 1242 excogitauit.
367 1155 518 1222 Minthen
537 1159 646 1220 autem
664 1175 736 1219 esse
749 1153 897 1238 eundem,
916 1155 971 1238 qui
985 1153 1150 1222 Sminthea

125 1249 226 1330 esset,
248 1245 315 1310 iam
339 1245 381 1309 ab
406 1245 478 1308 aliis
501 1243 704 1309 intellectum
728 1247 778 1308 est
800 1243 840 1309 cf.
860 1241 895 1309 (l.
914 1243 1047 1330 Robert,
1069 1244 1150 1310 Era-

15 1395 16 1404 ,
124 1333 273 1400 tostbcn.
296 1336 447 1398 cataster.
470 1333 564 1418 reliq.
586 1355 617 1416 p.
640 1333 684 1398 28
699 1353 746 1417 sq.

15 1455 16 1461 κ
218 1421 325 1486 Venio
357 1421 398 1487 ad
431 1441 486 1487 eos
519 1421 623 1504 locos,
658 1442 739 1504 quos
771 1422 945 1488 mutandos
978 1445 1049 1488 esse
1078 1425 1150 1506 ipse

127 1511 244 1578 sentio.
289 1510 353 1575 etsi
374 1509 410 1574 in
432 1510 590 1594 producte
612 1509 740 1594 syllaba
762 1510 871 1594 priore
894 1512 1048 1576 uocabuli
1071 1519 1150 1578 sta·

15 1667 16 1672 ,
126 1600 211 1684 tim,
232 1603 407 1684 postquam
430 1619 468 1664 aa
489 1599 529 1662 de
546 1620 582 1663 re
600 1597 784 1680 disputauit
799 1597 981 1663 Fridericus
999 1599 1148 1666 Ritsobe·

15 1723 16 1726 ¹
127 1689 192 1754 lius
215 1688 251 1752 in
273 1709 312 1752 co
335 1687 456 1768 libello,
480 1686 536 1772 qui
552 1684 741 1750 inscribitur
759 1686 800 1750 de
819 1687 975 1752 fictilibus
995 1689 1150 1754 litteratis

15 1826 18 1834 .
127 1775 256 1842 Latinis
285 1773 519 1859 antiquissimis
542 1771 675 1860 (Opuso.
697 1773 745 1840 IV
769 1799 800 1860 p.
823 1775 890 1840 214
903 1773 1002 1864 sqq),
1031 1777 1150 1844 offendi

15 1915 16 1921 κ
127 1885 195 1932 non
213 1864 319 1949 debet,
336 1867 448 1930 tamen
467 1886 497 1928 u.
512 1862 577 1929 398
596 1866 784 1947 corruptum
803 1886 875 1930 esse
889 1865 1049 1932 existimo.
1071 1889 1149 1933 nam

15 1973 16 1982 ¹
128 1955 163 2020 in
178 1953 240 2020 hoo
257 1975 356 2020 uersu
375 1956 485 2018 mouet
503 1973 555 2018 me
574 1974 675 2017 unum
692 1952 782 2036 illud,
801 1954 888 2038 quod
907 1955 1041 2020 statim
1054 1956 1149 2022 unius

129 2042 279 2108 editionis
306 2041 445 2107 Aldinae
477 2042 671 2107 austeritate
703 2040 877 2124 probatum
909 2041 1081 2128 habemus3
1113 2045 1150 2110 in

16 2182 20 2190 .
129 2131 221 2198 libris
259 2135 370 2196 autem
401 2129 665 2213 manuscriptis
698 2132 732 2193 et
762 2129 797 2194 in
830 2129 973 2196 editione
1004 2133 1149 2217 principe

16 2284 18 2295 ,
130 2221 285 2304 scriptum
308 2223 359 2284 cst
381 2218 504 2284 statio
534 2218 710 2303 mergite.
741 2218 920 2303 quodcum
945 2241 1059 2286 uerum
1078 2242 1149 2287 esse

131 2311 285 2392 nequeat,
312 2308 440 2373 haesito
469 2328 512 2372 an
536 2329 611 2372 cum
633 2305 674 2372 N.
696 2304 835 2374 Heinsio
859 2308 1066 2374 scribendum
1090 2310 1149 2376 sit:

208 2401 279 2462 tum
303 2397 429 2462 succisa
452 2393 550 2462 Ceres
573 2395 787 2461 straticum
809 2396 947 2481 mergite
970 2399 1070 2463 culmi

209 2485 419 2552 construitur.

17 2611 20 2650 ρ
217 2573 302 2651 Quid
324 2596 402 2641 uero
426 2575 489 2641 sibi
514 2575 596 2640 uelit
618 2597 650 2638 u.
672 2574 748 2659 819,
769 2595 837 2640 non
859 2575 1026 2661 intellego.
1070 2599 1148 2643 nam

132 2668 234 2749 poeta,
244 2665 399 2748 quoniam
413 2663 527 2730 stellas
541 2662 617 2730 illas
632 2663 720 2728 inter
734 2666 841 2728 cetum
851 2667 885 2728 et
894 2665 1148 2749 gubernaculum

17 2812 21 2828 ,
131 2753 222 2818 nauis
248 2753 309 2818 sub
342 2753 452 2838 lepore
482 2751 609 2836 positas
641 2756 675 2816 et
705 2751 830 2818 formae
861 2753 1067 2838 nominisque
1097 2777 1148 2820 ex·

17 2891 20 2901 .
133 2845 236 2925 partes
263 2841 363 2907 simili
391 2841 463 2908 luce
488 2863 560 2908 esse
588 2844 622 2906 et
646 2841 838 2925 parimodo
862 2842 1148 2926 asperiteroriri

17 2967 22 3006 ς
135 2933 165 2996 et
186 2929 328 2996 cocidere
351 2932 509 3016 exposuit,
532 2930 625 2995 addit
640 2930 731 3014 haec,
754 2951 836 3015 quae
854 2932 903 2996 ite
922 2932 1052 2998 suntin
1076 2931 1147 2998 VA:

177 3039 236 3085 nee
260 3020 460 3106 expectanda
482 3020 591 3086 forent
612 3023 713 3103 ponto
734 3019 825 3104 quod
847 3020 918 3085 sola
941 3024 1097 3085 carerent.

19 3121 22 3132 ·
135 3107 243 3193 quodsi
270 3109 343 3193 illa,
371 3130 452 3194 quae
480 3110 522 3174 ab
545 3109 673 3174 Auieno
701 3107 824 3174 tradita
850 3127 921 3173 esse
948 3108 1045 3174 modo
1071 3109 1147 3188 dixi,

18 3232 22 3272 ς
134 3198 364 3282 reputauimus,
397 3198 484 3264 haud
511 3197 580 3263 scio
610 3219 652 3262 an
680 3197 894 3281 suspicemur,
925 3219 998 3261 eum
1026 3220 1057 3264 u.
1080 3198 1145 3264 819

134 3285 230 3350 dicere
257 3286 415 3370 uoluisse,
443 3307 516 3352 cum
541 3307 595 3351 res
623 3286 671 3350 ita
698 3307 733 3352 se
758 3285 910 3369 haberet,
936 3286 1010 3352 illas
1033 3288 1145 3352 stellas

135 3372 243 3458 dignas
265 3374 350 3459 fore,
379 3395 461 3459 quae
485 3378 712 3459 spectarentur
734 3378 767 3438 et
790 3375 1055 3460 obseruarenbrr,
1082 3376 1146 3440 nisi

135 3461 233 3529 forma
259 3467 350 3530 certa
372 3469 528 3530 carerent
572 3486 614 3529 ex
636 3463 684 3530 eis
708 3467 830 3550 autern,
858 3485 940 3548 quae
961 3464 1057 3530 nobis
1080 3469 1145 3528 tra·

182 3576 265 3619 seiani
279 3576 364 3619 Aretes
378 3578 412 3620 ed.
427 3579 530 3630 Brcyslg.
964 3567 983 3622 b
