2592 3894
518 207 735 272 ..33-

163 347 306 415 Ultimus
330 352 380 414 est
401 368 586 433 procyon,
609 347 811 432 geminorum
834 348 983 414 subditus
1007 352 1110 435 astro,

120 459 174 502 ore
197 437 320 503 micans
344 437 455 520 rutilo,
478 437 564 502 trina
585 436 656 502 lace
679 437 805 503 uiscera
828 439 947 504 lucens.

162 525 232 592 Ista
255 527 422 592 uolutatos
448 529 624 592 cernuntur
646 530 762 591 cuncta
784 549 842 610 per
866 549 981 611 annos,

48 631 100 681 905
119 614 199 679 haec
221 615 314 680 uehit
337 615 485 680 Oceanus
508 619 602 699 pater
624 615 733 680 omnia
756 637 923 700 mersaque
946 637 1057 682 rursus

118 703 247 768 hauriet
269 702 432 787 Oceanus,
454 704 556 768 trahit
578 703 695 789 ingens
718 703 869 770 machina
892 705 974 769 caeli

118 795 235 856 cuncta
259 813 363 876 super.
407 793 549 878 pingunt
570 792 702 858 rutilam
726 815 784 858 sua
808 793 913 858 sidera
935 798 1074 860 noctem.

163 880 310 963 Quinque
328 879 439 945 itidem
459 881 584 966 stellae,
603 881 719 946 similis
738 882 854 965 quibus
870 882 952 946 haut
966 884 1009 948 sit
1023 885 1131 972 imago

118 989 177 1033 nec
200 990 278 1053 quas
302 968 480 1035 formarum
504 969 619 1035 ductus
643 973 735 1035 notet
758 971 947 1056 adfixarum,

47 1073 99 1123 910
118 1078 175 1141 per
197 1057 248 1122 bis
273 1078 351 1123 sena
374 1059 441 1144 poli
464 1059 605 1124 uolitant
627 1059 797 1124 rutilantia
821 1059 923 1144 signa.

118 1146 225 1211 nullus
249 1167 302 1212 eas
327 1148 435 1233 aliquo
458 1151 554 1232 pacto
579 1148 773 1231 deprendere
797 1137 912 1230 cei-tet,
937 1163 940 1168 ·

117 1256 193 1298 nam
215 1255 301 1320 uaga
323 1257 381 1320 per
403 1239 507 1300 totam
531 1238 654 1302 cunctis
677 1237 732 1302 uia
754 1236 867 1302 defluit
891 1237 1037 1303 aethram

118 1342 245 1406 semper
268 1328 301 1388 et
325 1323 461 1390 aduerso
485 1325 669 1390 referuntur
690 1326 822 1390 tramite
845 1326 965 1392 mundi.

118 1411 255 1476 mundus
280 1412 321 1478 ab
345 1434 405 1478 eoo
427 1412 569 1479 trahitur
591 1413 781 1498 reparabilis
806 1415 887 1498 alto,

46 1515 98 1565 ⁹1⁵
117 1499 414 1655 1011111111
432 1501 983 1657 illulilelaltllltulrdliffi‘

116 1677 255 1742 nitentes
278 1679 313 1743 in
337 1701 463 1744 summa
476 1611 554 1763 gpidli
578 1683 732 1766 motuque
755 1681 902 1745 feruntur
949 1643 957 1676 r

118 1765 253 1831 aduerso
278 1768 357 1833 solis
380 1768 479 1833 radiis
504 1790 575 1852 ceu,
598 1790 671 1832 cum
694 1768 780 1833 uada
802 1769 952 1834 cumbam

117 1875 220 1938 prona
241 1855 379 1940 uehunt,
403 1857 506 1941 siquis
529 1877 627 1940 prore
648 1855 773 1922 nitatur
797 1858 838 1922 ab
863 1858 929 1922 alta

46 1959 98 2008 920
117 1943 151 2007 in
174 1943 474 2028 puppimproferre
497 1944 626 2029 pedem,
649 1945 704 2009 uia
727 1946 869 2029 carpitur
892 1946 948 2013 olli

117 2031 264 2096 cursibus
287 2033 424 2117 inceptis
448 2035 620 2100 contraria.
664 2033 715 2098 uis
738 2037 849 2100 tamen
871 2035 944 2100 istis

117 2120 214 2185 obuia
236 2120 375 2186 labentis
400 2144 526 2206 semper
550 2122 730 2188 sustollitur
753 2124 886 2188 aethrae

115 2209 274 2293 uniceque
297 2211 332 2274 in
355 2211 435 2276 solis
460 2210 593 2276 adolent
614 2210 763 2276 incendia
786 2211 934 2278 flammis.

115 2296 215 2382 longa
238 2297 423 2364 uolutandis
447 2303 556 2365 tamen
579 2299 654 2367 ollis
676 2303 826 2384 tempora
849 2306 982 2367 currunt

185 2557 214 2596 a.
233 2545 290 2598 902
309 2543 664 2600 incuibilurPROOYON
688 2543 740 2600 VA
804 2549 856 2600 902
875 2545 1001 2616 Procyon
1020 2548 1048 2602 A
1066 2565 1129 2619 pro·

114 2611 177 2666 cion
201 2613 229 2666 V
298 2619 350 2669 905
368 2615 439 2670 haec
456 2631 472 2669 0
491 2615 545 2670 hac
568 2614 639 2670 VAc
711 2621 763 2672 906
782 2617 894 2672 hauriet
917 2617 944 2671 V
959 2619 1085 2674 hauritet
1102 2621 1130 2674 A

115 2688 167 2738 907
196 2701 286 2755 super.
334 2685 362 2739 in
422 2685 572 2742 carosus
599 2687 805 2756 superpingunt
832 2687 884 2742 VA
955 2705 984 2745 0.
1007 2694 1064 2746 908
1087 2692 1130 2745 00-

113 2703 362 2810 00010110οΡ0οΝ
386 2755 458 2811 ΤΔΕ
483 2757 535 2812 VA
576 2762 628 2812 908
648 2757 747 2812 similis
772 2755 919 2814 Vsimiles
937 2763 963 2813 A
1006 2766 1059 2815 909
1078 2779 1130 2816 000

115 2841 183 2892 quas
201 2841 217 2878 0
235 2841 341 2894 nequas
361 2827 431 2882 VAc
444 2831 453 2896 Ι]
467 2828 566 2882 ductus
586 2827 701 2883 Grotius
719 2828 817 2883 doctus
835 2828 886 2884 Vn
930 2837 983 2886 910
1001 2831 1045 2886 bis
1063 2848 1130 2888 sena

113 2895 142 2947 A
164 2893 294 2951 bissenae
318 2896 346 2950 V
413 2904 465 2953 911
489 2899 584 2967 aliquo
604 2898 718 2954 Grotius
741 2898 797 2953 allo
821 2899 849 2953 V
865 2907 928 2970 post
948 2904 1068 2972 quiaque
1086 2905 1130 2958 001

113 2982 160 3020 cecc
181 2967 335 3022 litterarum
352 2969 474 3036 spolium
491 2986 609 3024 0000000
625 2970 654 3022 A
671 2971 681 3038 ΙΙ
699 2970 871 3039 deprendere
890 2989 906 3026 0
925 2973 1081 3042 dependere
1106 2973 1133 3026 V

114 3036 321 3105 deprehendere
344 3038 372 3091 A
399 3039 623 3109 depraehendere
647 3057 660 3094 0
732 3046 783 3096 910
811 3042 841 3096 10
863 3042 936 3098 uada
963 3043 992 3098 V
1009 3046 1129 3122 quippue

114 3107 268 3164 1000000000
290 3110 410 3179 spatium
432 3127 553 3166 0000000
573 3111 685 3179 praebet
703 3112 731 3165 A
804 3117 855 3168 916
878 3113 1001 3170 subrecti
1022 3114 1050 3168 V
1065 3115 1129 3170 sub·

113 3176 181 3233 iecti
198 3179 226 3232 A
245 3180 280 3248 cs.
299 3181 412 3236 Hermes
432 3181 493 3237 XV
503 3199 534 3251 p.
554 3185 611 3238 188
628 3199 656 3238 o.
676 3187 713 3238 69
786 3189 837 3238 918
857 3185 987 3242 cumbam
1011 3186 1037 3240 V
1054 3203 1129 3255 cym-

112 3247 180 3302 bam
198 3250 226 3304 A
299 3256 352 3306 920
376 3251 426 3308 olli
450 3253 476 3306 V
492 3252 542 3308 elli
561 3268 630 3308 corr.
650 3253 677 3308 A
750 3260 802 3309 991
821 3255 940 3338 inceptis
957 3273 972 3312 0
988 3256 1128 3327 incaeptis

115 3317 146 3399 ‘V
161 3317 299 3390 incoeptis
317 3322 345 3377 A
358 3324 368 3393 ll
381 3323 424 3378 uis
442 3325 538 3380 tamen
556 3323 618 3378 istis
636 3325 718 3380 cuis.
737 3324 831 3382 istam.
849 3326 911 3382 istrs
934 3327 960 3381 V
975 3328 1019 3384 uis
1037 3327 1080 3384 ita
1098 3328 1128 3382 in

113 3389 175 3446 retis
193 3391 221 3444 A
285 3398 336 3447 922
356 3394 476 3450 labentis
495 3395 609 3451 Grotius
627 3395 734 3451 labenti
756 3396 808 3450 VA
871 3404 922 3453 923
941 3397 1080 3468 unicoque
1104 3398 1130 3452 V

113 3460 196 3517 unica
214 3478 268 3536 quc
287 3463 315 3516 A
387 3469 439 3520 994
456 3464 617 3523 uolutandis
641 3467 667 3521 V
683 3467 838 3523 colluandis
856 3469 884 3522 A
