2592 3894
535 210 577 220 --
623 173 663 238 31
714 209 754 220 ..

133 313 315 398 transierit,
338 314 424 380 celso
447 313 513 380 late
537 335 571 380 se
595 313 725 381 cardine
746 313 862 400 pandit

19 449 20 490 3
135 405 348 487 auratumque
371 401 490 468 rubens
514 402 657 468 demittit
678 404 806 470 balteus
830 425 951 470 ensem.

179 489 269 556 Talis
293 495 327 556 et
348 493 417 577 ipse
440 493 547 557 uirum
571 492 703 576 gemina
726 493 767 557 ad
790 493 930 580 uestigia
952 495 1062 558 eustos

19 635 20 644 ³
64 593 114 642 735
133 580 325 665 insequitur.
371 581 418 645 sie
439 579 640 664 flammigero
663 581 875 666 distinguitur
898 585 986 648 astro

134 667 298 733 aetheriae
322 669 429 734 canis
452 669 507 734 ille
530 669 661 755 plagae,
684 671 736 735 cui
758 670 916 755 plurimus
940 670 1036 736 ardor

134 759 265 822 aestuat
286 756 321 821 in
343 759 469 839 mento,
492 758 613 823 multus
636 759 737 824 rubor
759 757 867 823 inbuit
890 781 956 825 ora.

134 843 246 910 stridit
268 845 437 910 anhelanti
459 845 529 912 face
550 846 701 932 pestifer,
723 867 799 912 acra
821 851 913 912 motu

133 937 240 999 torret
263 937 296 998 et
318 933 472 1000 inmodici
495 938 598 1001 terras
623 934 733 1020 coquit
755 935 886 1020 ignibus
910 936 999 1001 astri.

64 1021 188 1087 rachio
211 1023 319 1087 uarios
343 1023 435 1088 ardet
458 1024 561 1090 stellis
585 1022 796 1089 rutilantibus
820 1027 925 1108 artus,

17 1139 23 1147 ·
134 1109 191 1175 sed
212 1130 280 1175 non
301 1114 353 1175 est
376 1111 491 1178 similis
515 1112 637 1178 cunctis
660 1113 768 1196 uigor,
791 1111 930 1195 undiquc
955 1113 1074 1198 quippe

17 1191 18 1207 ¹
133 1199 227 1264 aluus
252 1220 391 1264 coeanee
415 1204 477 1285 est,
500 1204 610 1267 mento
634 1201 744 1286 grauis
768 1199 872 1265 effluit
894 1201 1004 1286 ardor,

133 1288 190 1372 qui
213 1287 386 1354 formidato
411 1289 471 1354 sub
494 1289 626 1354 nomine
650 1287 777 1355 Sirius
801 1289 949 1356 aethram

131 1376 206 1440 urit
250 1377 326 1441 huio
348 1376 464 1443 rutilos
488 1379 516 1443 si
539 1375 595 1444 Sol
619 1378 786 1445 adflexerit
809 1399 898 1462 axes,

16 1495 18 1500 ·
60 1474 112 1525 733
132 1467 274 1549 quantus
298 1465 500 1549 corporibus,
524 1469 663 1552 quantus
686 1466 780 1531 labor
801 1466 938 1532 inminet
961 1468 1063 1552 agris!

133 1553 323 1618 marcebant
345 1557 417 1618 sata
439 1558 553 1620 cuncta
576 1554 644 1637 diu,
666 1575 806 1639 numque
829 1554 943 1639 indiga
966 1555 1048 1639 suci,

15 1691 17 1708 ’
133 1641 399 1796 :tttttll
414 1642 1027 1816 olifficebffirzefflffiuffissn„

131 1818 190 1885 illa
212 1823 333 1903 autem,
355 1819 484 1885 interno
508 1841 589 1904 quae
613 1823 690 1886 suut
712 1820 856 1885 animata
878 1820 1005 1906 uigore,

60 1920 111 1970 740
132 1905 235 1972 Sirius
259 1907 389 1973 adtollit
410 1909 611 1994 blandusque
634 1909 790 1974 inlabitur
812 1909 930 1973 herbae

131 1993 234 2061 Sirius
258 1999 292 2061 et
315 1997 400 2063 dulci
422 1998 528 2063 nutrit
550 1998 713 2082 tepefacta
735 2017 858 2061 sereno.

14 2163 19 2178 Ι
130 2085 230 2174 hunc,
253 2085 353 2171 hunc,
375 2085 559 2151 flammanti
581 2107 654 2152 cunr
678 2084 819 2170 primum
841 2083 951 2149 uibrat
974 2084 1015 2149 ab
1040 2089 1128 2170 ortu,

130 2173 264 2239 auribus
293 2173 397 2259 adque
420 2174 528 2240 animo
553 2174 698 2258 capimus
721 2173 842 2258 procul.
888 2173 990 2239 altera
1014 2173 1042 2239 si
1066 2195 1147 2258 quae

131 2262 298 2327 stellarum
321 2263 412 2329 fuluo
435 2263 585 2348 rutilant,
608 2284 690 2348 quac
713 2262 854 2347 plurima
875 2262 967 2347 longi

59 2363 110 2414 743
130 2350 228 2416 belua
249 2350 315 2416 fert
337 2352 463 2437 lateris,
485 2373 589 2437 neque
612 2353 717 2417 multa
739 2352 810 2416 luce
833 2353 1004 2416 coruscant

130 2442 163 2503 et
186 2438 394 2525 designandis
417 2443 547 2506 tantum
571 2444 647 2506 sunt
669 2439 779 2505 addita
801 2439 966 2505 membris.

164 2526 1145 2614 Paruulusinstellislepusestquoque,namqueubimagnus

130 2615 249 2682 emicat
271 2616 386 2703 Orion,
409 2618 540 2704 gemina
564 2617 603 2682 ad
626 2617 768 2702 uestigia
790 2616 900 2681 subter

202 2850 252 2899 722
275 2845 334 2901 late
353 2845 380 2900 A
404 2844 480 2900 latae
504 2845 531 2899 V
601 2849 652 2902 733
676 2842 803 2898 demittit
821 2842 970 2900 Schraderi
988 2848 1146 2900 commoto-

127 2916 189 2970 riso
206 2915 330 2971 Berolin.
349 2914 470 2970 dimittit
490 2916 560 2971 VAe
630 2931 658 2971 a.
678 2919 736 2971 734
759 2916 920 2971 muitetur
939 2912 1069 2970 SYRIVS
1095 2913 1147 2967 VA

130 2991 182 3042 738
201 2985 348 3042 anhelanti
371 2986 399 3040 V
414 2985 560 3060 anhelanti
578 2987 606 3042 A
659 2991 711 3042 733
730 2986 811 3042 aluus
830 3002 952 3042 oceanea
970 2988 1014 3040 est
1032 2985 1146 3040 Grotius

128 3057 226 3114 alueus
245 3073 334 3112 ooana
351 3063 421 3113 aad
445 3057 472 3111 V
487 3058 584 3114 alueus
604 3073 709 3114 ocanea
727 3059 771 3113 est
788 3057 816 3112 A
857 3063 908 3112 733
928 3055 1003 3125 agris
1028 3055 1055 3108 V
1060 3071 1145 3180 5fgrrs

129 3129 345 3197 impenetrata
358 3129 386 3184 A
399 3130 531 3198 pentrata
550 3128 577 3183 V
611 3135 663 3185 733
677 3128 706 3183 ui
728 3145 774 3184 ore
790 3127 955 3184 VnitoreA
993 3130 1044 3180 740
1078 3143 1146 3182 rrius

128 3199 246 3257 Grotius
264 3198 294 3254 Si
311 3199 389 3271 prius
414 3199 465 3254 VA
478 3202 489 3270 l
502 3199 677 3269 blandusque
740 3216 811 3256 corr.
829 3213 928 3254 monus
947 3201 964 3252 1
982 3195 1009 3250 A
1023 3197 1033 3266 ΙΙ
1046 3197 1147 3254 herbas

133 3273 160 3326 V
181 3271 200 3326 h
218 3270 283 3326 rbas
306 3271 335 3326 A
425 3276 476 3328 741
503 3269 594 3327 nutrit
615 3270 758 3340 tepefacta
779 3270 808 3323 A
831 3267 936 3323 nutrite
959 3267 1094 3337 pefecta
1122 3269 1149 3322 V

129 3349 181 3400 744
242 3358 278 3397 uo
303 3341 355 3398 VA
373 3342 408 3412 os.
428 3342 542 3399 Hermes
562 3341 632 3396 XII
647 3358 678 3411 p.
699 3343 753 3398 155
770 3357 797 3395 o.
816 3343 854 3398 22
928 3343 980 3395 745
999 3340 1146 3396 corruscant

133 3414 161 3469 V
181 3429 331 3472 coruscans
349 3414 377 3469 A
432 3431 459 3472 u.
479 3417 535 3472 747
552 3413 715 3471 3377777777
733 3411 850 3467 LEPVS
875 3410 927 3466 VA
