2592 3894
548 204 858 276 -10—'

149 353 294 419 Triccaei
317 353 405 418 sidus
430 356 496 418 stat
516 352 658 418 nominis
682 357 715 417 et
737 353 790 419 cui
812 353 927 439 pingui

149 445 221 506 ture
244 442 446 526 Epidaureae
468 439 598 506 fumant
621 443 740 508 altaria
763 441 857 508 sedis.

149 531 184 595 in
207 528 312 617 Styga
335 529 477 596 decursis
499 551 671 614 parcarum
693 532 734 596 ab
758 531 882 615 origine
905 531 986 596 fusis

150 624 307 685 merserat
329 618 545 703 Hippolytum
569 641 639 685 sore
663 619 779 684 ultima
800 619 930 703 iamque
952 641 1010 705 per
1031 619 1116 684 imas

77 725 131 775 210
150 707 264 794 Cocyti
285 708 437 772 tenebras
460 711 494 773 et
517 711 633 794 stagna
655 709 822 794 nigrantia
845 707 931 774 Ditis

149 797 290 882 portitor
311 796 366 861 ille
390 794 520 862 Oharon
542 796 700 863 Thesidae
723 797 796 882 feta,
814 797 962 862 uehebat.

149 885 202 951 hio
225 885 378 950 inmaturi
402 884 458 950 sed
481 885 568 950 enim
591 886 762 950 miseratus
786 886 937 950 acerbum

149 974 207 1038 leti
231 974 424 1058 supplicium
446 973 657 1058 Neptunique
680 995 795 1058 aspera
816 975 905 1040 iussa

150 1063 289 1148 algentis
314 1066 404 1128 artus
427 1063 536 1130 Erebo
558 1062 672 1147 procul
695 1063 810 1127 intimo
835 1064 979 1148 abusque

78 1167 130 1218 215
150 1151 286 1217 suscitat
309 1152 413 1237 adque
437 1152 565 1216 animae
587 1173 716 1216 rursum
738 1151 901 1236 tepefacta
924 1152 1031 1218 calore

148 1239 273 1306 uiscera
296 1240 475 1306 mundanae
498 1243 632 1305 reuocat
653 1239 829 1306 medicator
852 1241 886 1305 in
909 1261 992 1306 orae.

148 1350 216 1393 non
238 1329 316 1394 tulit
339 1328 542 1413 omnipotens
565 1332 639 1393 ortu
661 1329 813 1412 cuiquam
836 1333 989 1414 generato

149 1416 365 1482 Deucalioneo
389 1417 440 1482 fas
465 1437 535 1482 esse
557 1416 735 1481 nouissima
758 1416 829 1482 fata

149 1504 278 1571 uincere
301 1509 334 1572 et
356 1506 519 1572 incassum
542 1504 709 1570 decurrere
732 1526 834 1590 pensa
857 1527 1003 1572 sororum

77 1613 130 1662 220
149 1616 287 1680 moxque
309 1594 443 1660 trisulca
465 1591 543 1678 polo
566 1594 725 1659 iaculatus
748 1594 886 1660 fulmina
908 1596 993 1661 celso

150 1686 182 1748 et
206 1705 302 1768 super
324 1684 430 1749 aeriae
452 1685 586 1750 uibrans
608 1682 756 1748 incendia
778 1683 927 1748 flammae

148 1776 253 1837 morte
275 1776 473 1857 repertorem
496 1772 675 1837 medicinae
698 1772 829 1837 audacis
851 1774 886 1836 in
909 1773 1042 1837 umbras

149 1861 259 1945 deicit,
283 1865 318 1925 at
341 1864 441 1945 gnato
464 1881 618 1944 reparans
643 1861 764 1926 solacia
786 1859 917 1927 Phoebo

150 1971 327 2034 asperaque
351 1949 486 2014 extincti
508 1950 681 2014 miseratus
704 1950 775 2014 fata
797 1950 927 2034 nepotis

76 2056 130 2104 225
150 2059 281 2124 surgere
304 2041 465 2104 nocturno
488 2038 580 2103 iubet
601 2038 687 2102 inter
710 2038 816 2104 sidere
839 2043 939 2105 motu.

147 2127 201 2191 hic
225 2148 303 2212 ergo
326 2127 466 2212 insignis
491 2127 607 2192 ardens
629 2147 730 2192 uenas
755 2127 949 2213 ophiuchus,

147 2215 201 2280 hic
224 2215 347 2300 rigidos
371 2218 461 2281 artus
485 2215 609 2281 formae
633 2216 874 2298 anguitenentis
897 2215 1021 2281 honore

148 2303 280 2389 arduus,
303 2303 357 2370 hic
378 2307 490 2368 tantos
513 2305 632 2369 umeris
656 2305 862 2370 uibrantibus
884 2305 977 2390 ignee

149 2393 284 2477 euomit,
306 2395 356 2477 ut,
378 2394 475 2477 pleno
499 2414 571 2458 cum
594 2393 673 2458 luna
695 2395 828 2459 nitescit
850 2394 886 2457 in
909 2394 988 2458 orbe

76 2499 129 2548 230
148 2484 376 2565 menstruaque
398 2481 526 2568 ingenti
548 2483 613 2547 iam
637 2486 786 2568 tempora
808 2481 925 2546 diuidit
947 2485 1036 2567 ortu,

147 2591 354 2656 nequaquam
375 2569 472 2634 lentis
496 2571 664 2637 obscurior
688 2593 726 2636 ex
748 2571 869 2635 umeris
892 2570 948 2634 lux

148 2662 300 2725 marceat.
346 2662 381 2723 at
403 2660 553 2725 manibus
575 2681 643 2725 non
666 2681 787 2744 conpar
809 2658 940 2724 flemma
961 2660 1118 2738 rubescit,

147 2769 223 2811 nam
248 2747 370 2812 suffusa
392 2748 457 2813 leui
480 2749 687 2834 resplendent
709 2748 824 2813 ultima
847 2748 931 2832 luce,

147 2892 360 2900 ..--—-—--

219 2979 270 3058 tot}
286 2976 331 3031 cui
350 2975 387 3032 Vc
401 2993 452 3032 ceu
466 2977 494 3030 A
537 2981 589 3031 208
607 2974 637 3030 in
651 2975 780 3058 StygaA
794 2975 827 3030 In
841 2975 969 3057 strigaV
1001 2980 1053 3028 210
1063 2973 1164 3056 Cocyti

146 3045 270 3102 edocitr
294 3047 321 3101 V
336 3045 451 3118 Coccyti
469 3049 496 3101 A
550 3052 601 3102 211
618 3048 737 3116 portitor
754 3048 802 3102 Ae
819 3048 942 3102 Portitor
966 3046 993 3100 V
1040 3050 1092 3100 213
1111 3045 1163 3100 letr

153 3117 180 3170 V
199 3117 269 3173 loeti
287 3119 315 3172 A
391 3124 444 3173 223
467 3117 554 3174 deicit
576 3119 683 3172 correct
702 3117 806 3174 Deiicit
823 3119 851 3172 A
870 3117 982 3174 Deiecit
1005 3117 1031 3172 V
1047 3116 1164 3172 Deiecta

146 3190 245 3257 ctat
266 3191 353 3258 gnato
374 3191 475 3259 scripsi
492 3189 596 3259 agnato
620 3186 690 3242 VAc
707 3205 740 3244 ac
760 3191 846 3260 gnato
864 3206 880 3244 c
899 3205 932 3245 ac
950 3187 1030 3260 gnati
1048 3187 1163 3243 Gratim
1277 3173 1283 3256 i

146 3260 182 3342 cf.
197 3259 311 3343 Hermes
331 3260 384 3314 XI
395 3265 502 3343 1²:249
521 3263 582 3340 a?
633 3264 686 3314 228
704 3259 880 3341 uibrantibus
898 3260 941 3343 ise
957 3258 1094 3342 uiprantis
1111 3259 1140 3314 A
1152 3259 1162 3330 tt

146 3346 226 3412 ignes
239 3329 281 3416 γε
299 3350 328 3386 ιιι
348 3332 458 3414 (deleuit
475 3347 509 3384 m.
522 3331 553 3413 ο1)
571 3347 650 3400 rgnes
664 3331 697 3414 A·
742 3337 794 3386 229
813 3333 928 3414 mtescrt
942 3348 959 3387 o
973 3329 1092 3385 nitescet
1110 3329 1162 3384 VA

145 3402 775 3542 strecaertecrflttetet5²⁴
794 3404 921 3472 ΨΜ
970 3407 1022 3456 ²³³
1040 3400 1163 3472 '⁰⁸¹'¹²¹²‘
