2592 3894
557 230 777 294 „37-

164 378 199 440 ut
222 374 250 440 si
274 371 471 438 Centaurum
493 369 601 436 medio
624 370 685 436 sub
707 369 839 436 tramite
862 371 943 437 eaeli

88 481 144 534 8⁷5
162 462 296 546 uideris,
317 464 355 526 ut
376 461 477 526 fluctu
498 462 628 525 tantum
651 458 794 525 discedat
816 481 889 544 eoo,

164 556 319 636 quantum
343 548 411 615 adit
434 569 598 633 oceasum,
622 547 665 612 sit
687 549 792 613 teotus
816 547 954 632 desuper
977 551 1084 614 autem

163 641 249 706 nube
271 659 419 704 umerum
442 642 475 703 et
497 638 585 703 eaelo
609 637 674 702 sint
696 637 807 702 omnia
826 637 920 723 signa
942 637 1065 721 priora:

165 750 260 795 eurus
284 728 358 812 erit,
381 730 490 792 uerret
513 725 591 791 salsi
615 725 699 790 uada
721 726 861 811 gurgitis
885 748 989 791 eurus.

209 815 455 900 Contemplator
477 815 564 880 enim
586 815 762 899 geminae
784 815 955 880 rutilantia
977 814 1124 880 formae

90 927 146 979 880
165 907 330 990 nistera,
353 925 435 990 quae
459 904 561 990 signis
585 903 727 968 subtexit
749 905 894 968 membra
917 903 1052 970 duobus.

165 1017 242 1061 nam
265 1017 329 1080 qua
352 997 444 1078 parte
466 992 632 1058 hominem
656 991 839 1077 quadrupes
864 991 1007 1057 sustollit
1029 990 1148 1077 equino

165 1088 278 1150 uentre
303 1104 399 1167 super
422 1083 577 1165 stantem,
599 1083 748 1145 uersatur
771 1081 916 1166 soorpius
941 1081 1070 1165 ingensz

166 1178 201 1239 88
223 1195 288 1258 qua
310 1170 514 1255 cornipedem
537 1169 642 1234 media
664 1169 715 1232 uir
736 1168 843 1233 fundit
866 1168 907 1235 ab
931 1169 1020 1253 aluo,

166 1283 267 1328 ourua
289 1259 443 1324 uenenati
466 1262 542 1324 sunt
563 1260 692 1322 tantum
715 1257 850 1323 brachia
872 1257 967 1344 signi.

91 1351 221 1424 ossilla
244 1353 367 1433 autom,
389 1346 534 1413 dextram
557 1327 751 1432 protendere
774 1347 865 1412 uisus
888 1347 930 1411 ad
952 1367 1044 1411 aram

166 1438 369 1522 caelicolum,
392 1436 496 1502 iustae
517 1435 676 1520 persoluit
697 1456 833 1500 munera
855 1436 942 1500 uitae

167 1530 393 1614 agrestemque
416 1547 515 1590 manu
537 1523 692 1609 praedam
715 1525 808 1608 gerit.
853 1523 919 1606 hio,
942 1523 999 1589 ubi
1022 1522 1108 1588 celso

165 1616 282 1682 Pelion
303 1613 451 1699 adsurgit
473 1613 570 1678 dorso
592 1632 826 1696 nemorosaque
849 1612 914 1676 late

166 1705 282 1770 inserit
305 1702 400 1768 aeriis
423 1702 500 1786 iuga
522 1701 679 1785 nubibus,
702 1699 823 1764 arbiter
847 1700 942 1785 aequi

94 1814 149 1866 888
168 1796 281 1879 egerat
302 1790 436 1856 Aloidae
459 1791 568 1875 legum
590 1793 667 1872 post
690 1787 777 1854 bella
799 1788 965 1874 magister.

212 1880 359 1966 Desuper
381 1879 507 1965 ingenti
530 1899 601 1944 sese
622 1878 752 1962 agmine
775 1877 914 1962 porrigIt
935 1875 1070 1962 hydra,

168 1993 250 2056 quae
273 1969 402 2054 prolata
425 1969 495 2033 salo
518 1968 615 2051 longe
638 1968 725 2031 latus
748 1966 888 2049 explieat
913 1967 1040 2051 aethra,

168 2060 203 2125 in
227 2079 378 2124 canorum
399 2059 551 2141 protenta
573 2058 684 2138 eaput,
708 2053 905 2138 caudamque
928 2054 1028 2119 feroci

169 2147 333 2214 Centauro
355 2145 505 2228 inclinat,
528 2143 648 2208 transit
670 2143 814 2227 spatiosa
836 2141 938 2207 leonis

96 2258 150 2308 895
168 2237 295 2302 uiscera
318 2238 351 2299 et
372 2233 498 2318 ingenti
522 2233 581 2297 sub
605 2231 732 2316 uirgine
755 2251 882 2296 summa
904 2229 1050 2316 quiescit.

170 2325 248 2410 quin
271 2327 304 2390 et
327 2343 398 2388 eam
422 2321 543 2406 spirare
566 2323 674 2405 putes:
698 2320 744 2386 sio
767 2321 898 2405 agmina
920 2319 1010 2385 eaelo

169 2413 295 2479 lubrica
317 2411 498 2495 conuoluit,
521 2409 568 2474 sio
591 2410 695 2494 spiras
718 2409 858 2493 pendula
880 2410 1024 2492 torquet,

170 2503 216 2568 sio
238 2507 272 2567 88
293 2499 496 2587 flammigero
519 2499 667 2583 linguam
689 2497 768 2562 iacit
790 2518 846 2563 ore
868 2497 1047 2562 trisulcam.

170 2590 331 2675 spirarum
354 2589 460 2656 medio
483 2589 591 2674 gestat
614 2587 765 2651 cratera
788 2607 973 2669 coruscum,

97 2701 152 2752 900
170 2679 287 2744 ultima
309 2677 490 2743 caeruleum
515 2676 699 2740 sustentant
723 2674 855 2758 agmina
877 2694 1047 2756 coruum,

171 2769 237 2832 ales
259 2770 297 2832 ut
319 2765 443 2830 intento
466 2763 571 2830 fodiat
592 2783 678 2848 uaga
700 2763 825 2827 uiscera
848 2765 964 2827 rostro.

242 2927 295 2978 888
318 2921 356 2976 sit
379 2920 406 2975 V
421 2921 445 2976 ri
463 2921 491 2975 A
562 2925 614 2976 878
637 2919 704 2974 salui
727 2917 754 2972 V
770 2919 845 2974 88188
863 2918 891 2973 A
964 2935 990 2972 u.
1011 2919 1067 2972 879
1085 2914 1183 2970 insui·

172 2995 247 3051 bitur
266 2989 485 3048 CENTAVRVS
509 2990 561 3046 VA
615 2995 668 3046 880
686 3005 757 3060 quae
776 3006 792 3045 u
812 2990 887 3059 quod
911 2988 983 3044 VAe
1031 2991 1083 3041 882
1103 3000 1187 3053 super

171 3067 293 3122 stentem
311 3065 339 3119 A
358 3063 563 3133 superstantem
586 3062 614 3116 V
683 3067 735 3117 888
754 3061 851 3118 Pelion
870 3059 895 3113 V
913 3059 1008 3114 Pelius
1027 3057 1055 3111 A
1132 3059 1186 3110 890

171 3140 268 3208 agerat
291 3135 344 3190 VA
361 3133 477 3204 degerat
495 3132 608 3188 Grotius
625 3135 636 3204 l
652 3149 680 3188 m
720 3132 786 3187 ‘ter
808 3131 835 3187 V
849 3147 918 3187 oorr.
938 3130 966 3184 A
1020 3145 1048 3184 u.
1067 3130 1123 3183 891
1141 3127 1185 3181 iu-

170 3208 302 3264 sortiter
319 3204 449 3259 HYDRA
473 3203 525 3258 VA
597 3210 649 3260 888
672 3219 730 3259 sao
754 3204 781 3258 V
801 3203 861 3258 solo
879 3202 907 3257 A
929 3203 939 3270 l
962 3201 1046 3270 longe
1068 3199 1187 3268 elonga

177 3279 230 3335 VA
265 3283 319 3334 884
336 3275 455 3332 inclinat
478 3274 505 3329 V
520 3290 589 3329 corr.
609 3275 637 3329 A
677 3281 729 3331 888
749 3289 858 3329 summa
875 3273 903 3327 A
923 3287 1003 3326 suma
1026 3270 1053 3324 V
1086 3275 1139 3325 896
1159 3269 1189 3322 88

172 3367 235 3406 eam
257 3349 357 3420 scripsi
379 3347 414 3416 ef.
433 3346 548 3402 Hermes
567 3345 630 3400 XV
643 3363 674 3414 p.
694 3350 749 3402 184
767 3361 795 3399 u.
814 3347 851 3399 67
868 3341 958 3397 uitam
982 3341 1035 3396 VA
1081 3341 1187 3412 spirare

178 3420 205 3476 V
225 3433 336 3490 sperare
359 3418 387 3473 A
459 3423 510 3473 901
535 3433 608 3488 uaga
636 3417 688 3473 VA
711 3431 782 3472 caua
800 3413 946 3484 Harpasos
968 3413 1003 3481 es.
1058 3426 1141 3469 mres
1164 3408 1191 3464 V
