2592 3894
567 211 783 276 „58-

170 355 317 442 aequoris
342 358 374 420 et
397 373 534 439 magnos
558 352 639 416 caeli
662 351 779 416 callere
802 349 977 433 tumultus,

169 467 250 530 quos
274 443 328 508 det
350 446 438 508 certa
461 441 542 525 dies,
565 441 620 525 qui
642 440 734 526 longi
756 442 901 522 tempore
924 437 1045 502 mensis

142 577 143 580 =
170 536 394 617 astrorumque
418 531 488 595 uice
511 533 544 594 et
566 528 677 593 mundi
699 527 826 594 ratione
848 526 1031 592 trahantur.

170 621 253 687 aeris
276 619 433 685 inmadidi
457 618 608 703 quiddam
631 618 744 682 tellure
768 619 912 682 creatum

83 725 151 778 1410
170 710 370 794 spiramenta
393 711 537 772 uomunt.
583 707 632 771 uis
655 707 718 771 hcc
740 727 813 771 eum
835 704 920 771 fudit
942 704 976 768 iu
1001 723 1096 768 auras
1198 724 1226 766 sa
1290 733 1291 736 ¹

169 820 339 882 uenarum,
363 797 487 862 occulte
510 795 622 879 patulo
646 795 844 878 praetexitur
867 813 946 878 agro

170 887 386 952 insubiectum
409 885 509 951 oculis
532 887 715 967 terramque
739 885 928 967 supernatat
950 900 1093 946 omnem:

170 974 267 1039 uuida
290 975 455 1058 materies,
479 995 576 1057 quam
600 994 673 1037 cum
696 971 785 1036 calor
808 971 1065 1056 ignicomantum

170 1063 282 1128 hausit
305 1064 487 1146 stellarum,
511 1083 643 1145 superas
668 1061 818 1124 subducit
840 1060 875 1124 in
898 1079 993 1124 auras

83 1167 151 1219 1415
171 1155 204 1216 et
225 1155 374 1217 concreta
397 1150 451 1215 diu
474 1149 643 1234 conpingit
664 1148 777 1214 nubila
800 1148 930 1214 mundo.
1086 1219 1088 1224 ,
1199 1166 1226 1207 ao

171 1241 199 1305 si
222 1241 328 1306 minor
350 1240 430 1304 haec
453 1238 573 1304 madidi
596 1237 780 1302 substantia
803 1237 944 1321 caespite
969 1236 1009 1301 ab
1033 1236 1100 1300 imo

171 1329 363 1413 subrigitur,
386 1331 499 1392 tenues
522 1327 658 1391 nebulae
681 1325 819 1410 caligine
842 1325 916 1391 fura

170 1417 349 1482 tenduntur
372 1416 471 1481 caelo.
516 1415 568 1480 uis
592 1417 700 1479 autem
724 1413 839 1478 siccior
862 1414 919 1478 olli

171 1528 244 1571 cum
266 1505 342 1589 fuit,
365 1505 398 1569 in
422 1505 539 1569 celeres
563 1502 750 1569 dissoluitur
772 1501 913 1586 undique
936 1507 1051 1569 uentos

84 1609 152 1662 1420
170 1594 376 1679 uicinumquc
400 1593 462 1658 sibi
485 1592 595 1658 flabris
619 1590 861 1656 dominantibus
885 1590 972 1658 ultro

172 1704 247 1747 aera
269 1682 433 1767 propellit.
480 1682 508 1746 si
531 1681 634 1746 maior
656 1680 804 1764 protinus
827 1702 922 1746 umor

171 1771 372 1836 consurrexit
394 1770 507 1853 humo,
530 1769 657 1854 pluuias
682 1789 807 1854 quoque
830 1768 941 1834 nubila
963 1768 1105 1833 fundunt

172 1863 204 1923 et
226 1859 345 1943 pluuiis
368 1859 433 1922 late
457 1858 545 1923 calor
567 1861 618 1922 est
639 1861 741 1940 pater.
786 1856 840 1922 hic
862 1879 960 1942 super
982 1857 1104 1923 imbres

172 1947 323 2030 exprimit
346 1950 379 2013 et
402 1947 533 2012 ductum
555 1946 713 2010 feruentia
737 1945 777 2010 ab
801 1945 893 2011 obice
916 1946 1029 2011 mundi

84 2051 152 2102 1425
171 2035 297 2119 respuit
318 2057 473 2101 umorem.
520 2035 548 2099 si
570 2035 671 2100 moles
695 2053 816 2119 magna
839 2034 1006 2120 utriusque
1204 2051 1242 2091 1⁰⁰

172 2128 320 2190 occurset
343 2125 474 2190 sibimet
496 2125 586 2188 uelut
609 2123 707 2189 obuia
730 2123 911 2188 comminus
935 2124 1019 2208 agri,

172 2213 331 2297 conpulsu
355 2213 441 2278 aerio
464 2211 576 2297 fragor
598 2212 728 2282 intonat
750 2212 922 2296 amplaque
945 2212 1011 2276 late

172 2323 338 2366 murmura
361 2301 546 2366 discurrunt
568 2301 692 2384 pariter
714 2300 945 2385 crepitantibus
970 2299 1067 2366 auris.

171 2389 225 2453 hic
247 2389 389 2455 inflictus
413 2391 491 2456 item
515 2389 779 2474 diuersorumque
802 2411 860 2472 per
882 2388 1029 2455 aethram

86 2492 153 2544 1430
173 2498 269 2560 saepe
293 2499 431 2560 superne
453 2477 563 2543 furens
586 2477 696 2543 inlisio
718 2477 856 2562 fulgoris
880 2478 973 2562 ignes
1201 2491 1239 2532 10⁵

246 2621 313 2672 1401
338 2633 405 2686 quos
434 2615 462 2670 V
482 2615 551 2686 quid
573 2615 601 2670 A
623 2618 633 2684 ss
656 2617 705 2685 qui
728 2616 841 2671 Grotius
864 2616 931 2685 quid
955 2616 1007 2670 VA
1027 2617 1037 2684 n
1059 2616 1187 2684 tempore

173 2687 287 2743 Grotius
305 2689 434 2758 tempora
457 2686 509 2741 VA
581 2693 650 2742 1408
668 2687 817 2742 trahantur
834 2688 862 2741 A
880 2688 1037 2742 tractantur
1060 2685 1088 2741 V
1155 2686 1188 2740 de
1290 2735 1291 2738 ,

172 2759 552 2825 00010001409-143201,
576 2759 690 2814 Hamas
714 2757 797 2811 XVI
814 2773 844 2826 11.
867 2761 925 2814 128
947 2775 974 2813 a.
998 2762 1036 2812 90
1062 2773 1090 2811 a.
1114 2761 1187 2812 1409
1289 2763 1291 2818 l

172 2830 301 2884 omittunt
316 2829 367 2883 VA
405 2836 473 2885 1409
483 2827 861 2884 inmadidieimmadidumc
893 2827 1046 2884 1410111111
1060 2826 1189 2882 Vfundit
1290 2827 1291 2850 ³

172 2899 200 2954 A
256 2905 323 2954 1412
343 2900 531 2955 insubiectum
555 2900 582 2953 V
598 2902 627 2955 in
646 2899 802 2954 subiectum
820 2898 848 2953 A
862 2899 872 2967 ll
886 2901 1084 2969 supernatata
1104 2915 1188 2968 super

172 2971 255 3026 notat
282 2971 334 3024 VA
360 2972 524 3041 supernotat
546 2988 560 3026 0
641 2975 710 3025 1413
733 2969 820 3025 uuida
842 2969 880 3024 N.
900 2971 1035 3026 Heremias
1053 2969 1140 3024 Vulta
1164 2968 1191 3022 V

172 3041 264 3097 Multa
282 3040 310 3095 A
327 3041 482 3110 Multaq3e
554 3048 622 3097 1411
642 3041 761 3097 nebulae
775 3040 803 3095 A
821 3040 926 3115 nubulc
946 3041 973 3096 V
1043 3045 1114 3095 1419
1131 3039 1188 3095 dis-

175 3113 293 3170 soluitur
316 3113 344 3168 A
369 3112 499 3168 dissoluit
526 3112 554 3168 V
623 3117 691 3166 1422
715 3112 801 3167 humo
825 3114 853 3167 A
876 3129 941 3168 umo
970 3112 997 3165 V
1068 3116 1137 3167 1424
1161 3112 1191 3166 et

174 3183 289 3239 ductum
302 3183 510 3240 Schaabacbiuc
528 3185 557 3239 et
576 3183 661 3239 ducta
680 3182 755 3238 VAe
767 3185 777 3254 l
791 3185 826 3240 ab
841 3183 1046 3240 Scbcabcebiue
1064 3184 1096 3237 ut
1115 3181 1189 3238 VAe

176 3258 245 3309 1426
264 3254 378 3310 sibimet
395 3256 422 3309 A
442 3255 524 3311 simet
547 3254 574 3307 V
627 3260 695 3309 1421
715 3256 852 3325 conpulsa
870 3256 977 3311 0000000·
996 3253 1143 3324 compulsu
1161 3253 1189 3307 A

176 3325 310 3394 conpulsa
338 3325 365 3379 V
435 3332 504 3382 1400
526 3324 621 3380 inlisio
649 3325 676 3379 V
696 3325 781 3380 illisio
805 3326 834 3380 A
856 3324 927 3380 illiso
946 3327 986 3394 011
1004 3323 1123 3395 fulgoris
1146 3326 1190 3394 (cc

174 3393 433 3519 fflffiiismuimt
450 3398 488 3466 A)
511 3396 586 3453 VAc
603 3396 722 3467 fulguris
740 3413 756 3451 0
776 3397 810 3463 cf.
827 3413 920 3468 propr.
935 3395 1047 3464 Erfurt.
1066 3413 1091 3451 a.
1112 3399 1190 3452 1882
