2592 3894
516 210 733 274 -27-

112 353 148 414 et
171 347 290 415 deuote
313 349 418 414 uirum
441 352 588 434 tegerent
609 349 766 415 Libethra
789 354 1007 438 peremptum,

111 437 225 502 intulit
247 437 331 504 hanc
355 439 445 504 caelo
468 438 640 504 miseratus
663 439 811 524 luppiter
836 442 939 504 artem

31 551 91 600 630
111 527 311 610 praestantis
334 526 473 612 iuuenis,
495 527 633 611 pecudes
657 529 713 612 qui
737 530 770 591 et
791 526 927 592 flumina
949 531 1040 593 uates

110 614 257 680 flexerat
303 615 431 682 conixi
454 636 518 699 que
541 618 643 691 semet
666 615 773 680 sidera
794 619 895 700 ponto

112 703 306 788 sustollunt,
333 704 462 768 laeuum
489 707 622 788 propter
648 705 759 788 chelys
781 704 862 769 haec
884 704 989 769 femur
1012 704 1129 771 adstat

113 791 249 857 aduolat
271 795 323 856 ast
345 791 435 857 aliud
458 792 544 857 latus
569 793 637 858 ales
660 796 694 857 et
716 813 775 858 ora
797 814 933 858 canoros

110 880 258 946 tenditur
280 881 320 945 ed
343 902 475 966 neruos,
496 881 603 946 media
625 885 676 946 est
697 882 770 964 lyra
793 882 867 945 sede
890 880 1009 960 dicata,

33 991 91 1042 636
113 989 240 1054 cygneo
264 969 364 1054 capiti
387 973 420 1034 et
443 991 541 1036 curuo
565 970 767 1036 contermino
791 969 895 1054 signo.

122 1123 124 1128 .
158 1054 307 1142 Namque
331 1063 365 1122 et
387 1057 519 1123 sidereis
543 1077 687 1142 cygnus
712 1060 800 1122 secat
823 1057 955 1122 aethera
977 1057 1100 1142 pinnis,

113 1145 253 1210 donatus
277 1147 383 1229 caelo,
405 1166 472 1211 non
496 1146 583 1210 claro
606 1145 732 1210 lucidus
756 1148 859 1228 astro,

113 1232 171 1297 sed
194 1237 304 1298 tamen
328 1255 365 1298 os
388 1233 531 1319 flagrans
555 1236 588 1298 et
610 1236 744 1319 guttura
765 1233 866 1318 longa
890 1255 1072 1299 coruscans.

113 1321 294 1404 grandibus
320 1322 410 1386 haud
432 1321 580 1406 equidem
605 1323 722 1407 stellis,
749 1343 815 1386 non
836 1321 888 1387 his
911 1324 1024 1387 tamen
1046 1323 1128 1387 atris

35 1431 95 1482 640
115 1409 302 1475 obscurisue
326 1410 434 1476 micat.
478 1409 583 1475 trahit
604 1409 639 1474 in
663 1431 807 1476 connexa
830 1411 977 1476 uelatum

113 1497 302 1582 perfacilem
325 1502 359 1563 et
381 1497 494 1564 dextro
517 1499 583 1564 late
607 1495 770 1582 Cepheida
793 1499 940 1563 dextram

113 1585 230 1650 redens
253 1587 389 1672 remigio
415 1608 542 1652 summa
566 1587 606 1652 ad
629 1587 769 1670 uestigia
792 1586 919 1650 leeuam

114 1674 295 1739 declinetur
317 1675 399 1759 equi.
445 1676 492 1740 sic
515 1695 636 1759 magno
658 1695 794 1759 praepes
818 1673 958 1759 Olympo

115 1762 320 1848 subuehitur,
343 1763 432 1828 subit
455 1762 581 1829 occidui
605 1763 650 1829 ric
673 1762 844 1828 marmoris
867 1763 980 1828 undas.

38 1872 94 1922 646
159 1849 244 1916 Nam
267 1855 343 1935 post
365 1851 571 1936 cornipedem
593 1852 735 1937 flagrant
758 1852 822 1917 duo
847 1851 951 1917 sidera
975 1853 1093 1937 pisces,

114 1939 220 2023 pisces
243 1939 427 2024 Bambycii,
451 1943 550 2023 caput
573 1944 682 2005 autem
705 1940 818 2004 subter
840 1941 991 2024 equinum

116 2027 409 2094 Laomedontiadas
433 2050 467 2093 se
491 2027 605 2092 dextra
627 2028 733 2092 tendit
756 2027 881 2110 ephebi.
977 2097 979 2101 ,

116 2116 185 2200 ipse
208 2117 325 2182 dehinc
347 2117 464 2202 longos
487 2116 626 2200 insignis
651 2115 833 2200 aquarius
857 2119 947 2180 artus

116 2203 226 2270 adstet
249 2205 289 2270 ed
312 2205 432 2271 hirsuti
455 2205 592 2269 caudam
614 2204 750 2289 pulcher
774 2204 963 2288 capricorni.

116 2366 329 2376 ——--.-...-—

186 2471 238 2523 628
264 2470 394 2538 tegerent
420 2485 434 2523 c
458 2469 568 2538 tegeret
596 2466 648 2521 VA
670 2469 680 2537 ΙΙ
702 2465 836 2522 Libethra
858 2467 886 2520 A
909 2466 1052 2524 libenthra
1079 2468 1106 2520 V

114 2541 290 2608 peremptum
313 2537 341 2592 V
354 2539 503 2608 potentum
521 2539 550 2593 A
594 2544 646 2593 629
666 2538 813 2593 miseratus
831 2555 845 2592 e
863 2537 1010 2593 miseratus
1029 2555 1128 2594 monus

115 2614 134 2664 2
150 2611 182 2664 in
199 2626 301 2664 rasore
320 2609 418 2676 ‘fnisse
431 2615 520 2679 potest
538 2608 611 2663 sera’
634 2608 661 2662 V
676 2608 794 2662 miratus
807 2610 835 2662 A
878 2615 929 2664 630
944 2609 1065 2678 pecudes
1081 2609 1131 2676 qui

115 2680 301 2750 opecudesq.
325 2679 352 2734 V
370 2680 547 2750 pecudesque
570 2678 617 2734 Ae
689 2684 740 2742 631
764 2679 879 2733 flexerat
902 2678 928 2732 V
948 2677 1057 2734 flexerit
1073 2680 1102 2732 A
1120 2679 1130 2748 ll

116 2767 148 2806 ac
164 2750 224 2806 nixi
241 2752 341 2820 scripsi
359 2750 455 2806 adnixi
477 2751 529 2805 VA
546 2749 587 2804 At
601 2748 668 2804 Nixi
683 2749 797 2804 Grotim
810 2751 820 2818 ΙΙ
832 2750 920 2818 ponto
935 2749 1081 2819 Haupte'rcs
1096 2749 1130 2816 cf.

116 2822 228 2876 Hermos
254 2820 321 2875 VII
338 2838 369 2890 p.
393 2824 429 2876 13
451 2838 533 2890 porro
563 2820 613 2876 VA
702 2825 754 2875 633
778 2822 823 2874 ast
845 2819 923 2875 aliud
953 2820 980 2874 V
999 2826 1130 2890 quaucor

116 2894 269 2947 tineaene
294 2893 417 2961 spatium
443 2909 565 2948 uacuum
586 2892 700 2962 praebet
722 2890 750 2944 A
770 2893 780 2961 ΙΙ
800 2891 874 2946 latus
902 2891 929 2945 V
948 2891 1080 2948 laudatus
1103 2891 1131 2945 A

116 2968 168 3019 634
190 2961 317 3018 tenditur
343 2962 370 3016 V
389 2963 518 3017 tunditur
534 2965 563 3017 A
585 2965 595 3030 l
617 2963 679 3032 lyra
703 2962 776 3032 (lire)
800 2961 865 3018 sede
889 2962 916 3015 V
936 2961 1012 3017 haud
1037 2962 1088 3035 ede
1103 2962 1132 3015 A

117 3051 143 3090 u.
161 3038 218 3090 636
235 3035 399 3090 immitium
417 3031 563 3088 OYCNVS
586 3034 613 3087 V
630 3051 736 3104 cygnus
755 3033 783 3087 A
855 3039 908 3088 696
927 3031 1042 3087 sidereis
1061 3049 1077 3087 c
1096 3032 1132 3086 si-

119 3104 201 3160 deriis
220 3104 276 3158 Vs
296 3104 388 3162 doniis
402 3104 430 3159 A
443 3104 453 3173 ΙΙ
467 3120 573 3174 cygnus
586 3106 614 3158 A
633 3107 665 3160 iu
681 3121 783 3160 rosera
799 3107 932 3160 menuss
951 3102 979 3157 V
1012 3109 1063 3158 667
1083 3104 1131 3159 do-

117 3176 198 3230 natus
222 3175 250 3229 V
287 3177 387 3231 cuatus
405 3175 433 3230 A
505 3180 556 3229 669
580 3175 625 3230 his
649 3175 676 3229 V
690 3174 737 3229 hic
755 3175 783 3229 A
855 3180 908 3229 646
927 3174 1085 3229 obscurisue
1105 3174 1132 3229 A

118 3261 215 3302 manes
233 3251 250 3301 1
270 3246 429 3302 obscurisbe
446 3251 579 3301 moens2
599 3246 626 3301 V
658 3263 687 3300 ιι.
703 3250 757 3302 645
770 3246 932 3300 immitibus
945 3242 1131 3310 onhnlvs

122 3316 172 3371 VA
208 3323 260 3372 646
274 3315 421 3388 Bambycii
435 3317 550 3374 Grotius
563 3317 704 3386 bombycii
720 3314 926 3371 VBombiciiA
964 3321 1016 3372 647
1032 3316 1133 3387 ephebi

123 3387 149 3441 V
165 3389 285 3469 ephoebi
301 3389 330 3444 A
385 3394 436 3444 646
456 3390 533 3443 crtus
557 3387 584 3442 V
599 3390 718 3444 corrasit
734 3402 834 3442 monos
850 3390 870 3441 2
888 3388 916 3440 A
971 3391 1023 3442 649
1041 3387 1133 3456 capri-

119 3475 194 3514 comr
212 3459 240 3513 A
259 3459 425 3530 capricorno
446 3457 474 3512 V
