<?xml version="1.0" encoding="UTF-8"?>
<!DOCTYPE html PUBLIC "-//W3C//DTD XHTML 1.0 Transitional//EN"
    "http://www.w3.org/TR/xhtml1/DTD/xhtml1-transitional.dtd">
<html xmlns="http://www.w3.org/1999/xhtml" xml:lang="en" lang="en">
 <head>
  <title>
</title>
<meta http-equiv="Content-Type" content="text/html;charset=utf-8" />
  <meta name='ocr-system' content='tesseract 3.04.00' />
  <meta name='ocr-capabilities' content='ocr_page ocr_carea ocr_par ocr_line ocrx_word'/>
</head>
<body>
  <div class='ocr_page' id='page_1' title='image "./rufifestiavieni01aviegoog_0015.png"; bbox 0 0 2592 3894; ppageno 0'>
   <div class='ocr_carea' id='block_1_1' title="bbox 525 188 766 235">
    <p class='ocr_par' dir='ltr' id='par_1_1' title="bbox 525 188 766 235">
     <span class='ocr_line' id='line_1_1' title="bbox 525 188 766 235; baseline 0 -1"><span class='ocrx_word' id='word_1_1' title='bbox 525 206 565 216; x_wconf 89' lang='lat'>···</span> <span class='ocrx_word' id='word_1_2' title='bbox 614 188 678 235; x_wconf 83' lang='lat' dir='ltr'>vl11</span> <span class='ocrx_word' id='word_1_3' title='bbox 724 207 766 215; x_wconf 92' lang='grc'>-</span> 
     </span>
    </p>
   </div>
   <div class='ocr_carea' id='block_1_2' title="bbox 138 291 1286 496">
    <p class='ocr_par' dir='ltr' id='par_1_2' title="bbox 138 291 1286 496">
     <span class='ocr_line' id='line_1_2' title="bbox 138 291 1286 398; baseline -0.008 -21"><span class='ocrx_word' id='word_1_4' title='bbox 138 333 176 377; x_wconf 88' lang='lat' dir='ltr'>eo</span> <span class='ocrx_word' id='word_1_5' title='bbox 213 311 297 376; x_wconf 92' lang='lat' dir='ltr'>libro</span> <span class='ocrx_word' id='word_1_6' title='bbox 335 311 516 395; x_wconf 83' lang='lat' dir='ltr'>complures</span> <span class='ocrx_word' id='word_1_7' title='bbox 551 311 616 376; x_wconf 91' lang='lat' dir='ltr'>loci</span> <span class='ocrx_word' id='word_1_8' title='bbox 649 312 793 395; x_wconf 89' lang='lat' dir='ltr'>corrupti</span> <span class='ocrx_word' id='word_1_9' title='bbox 825 313 972 376; x_wconf 82' lang='lat' dir='ltr'>crucibus</span> <span class='ocrx_word' id='word_1_10' title='bbox 1004 313 1153 398; x_wconf 87' lang='lat' dir='ltr'>insigniti</span> <span class='ocrx_word' id='word_1_11' title='bbox 1285 291 1286 328; x_wconf 66' lang='lat'>³</span> 
     </span>
     <span class='ocr_line' id='line_1_3' title="bbox 138 399 1286 496; baseline -0.023 -10"><span class='ocrx_word' id='word_1_12' title='bbox 138 403 228 482; x_wconf 59' lang='lat' dir='ltr'>fiunti</span> <span class='ocrx_word' id='word_1_13' title='bbox 264 421 359 484; x_wconf 72' lang='lat' dir='ltr'>saepe</span> <span class='ocrx_word' id='word_1_14' title='bbox 387 401 486 464; x_wconf 87' lang='lat' dir='ltr'>etiam</span> <span class='ocrx_word' id='word_1_15' title='bbox 513 399 549 464; x_wconf 92' lang='lat' dir='ltr'>in</span> <span class='ocrx_word' id='word_1_16' title='bbox 577 400 721 484; x_wconf 83' lang='lat' dir='ltr'>margine</span> <span class='ocrx_word' id='word_1_17' title='bbox 750 400 907 485; x_wconf 88' lang='lat' dir='ltr'>quaedam</span> <span class='ocrx_word' id='word_1_18' title='bbox 935 404 1050 466; x_wconf 84' lang='lat' dir='ltr'>notata</span> <span class='ocrx_word' id='word_1_19' title='bbox 1078 406 1156 468; x_wconf 86' lang='lat' dir='ltr'>sunt</span> <span class='ocrx_word' id='word_1_20' title='bbox 1285 459 1286 496; x_wconf 51' lang='lat'>3</span> 
     </span>
    </p>
   </div>
   <div class='ocr_carea' id='block_1_3' title="bbox 95 487 1286 1902">
    <p class='ocr_par' dir='ltr' id='par_1_3' title="bbox 95 487 1286 1902">
     <span class='ocr_line' id='line_1_4' title="bbox 137 487 1286 574; baseline 0.002 -21"><span class='ocrx_word' id='word_1_21' title='bbox 137 489 228 554; x_wconf 90' lang='lat' dir='ltr'>uelut</span> <span class='ocrx_word' id='word_1_22' title='bbox 251 487 292 553; x_wconf 89' lang='lat' dir='ltr'>ad</span> <span class='ocrx_word' id='word_1_23' title='bbox 315 511 345 554; x_wconf 94' lang='grc' dir='ltr'>ιι.</span> <span class='ocrx_word' id='word_1_24' title='bbox 371 489 450 553; x_wconf 88' lang='grc' dir='ltr'>70οι</span> <span class='ocrx_word' id='word_1_25' title='bbox 475 488 627 573; x_wconf 84' lang='lat' dir='ltr'><strong>delphis</strong></span> <span class='ocrx_word' id='word_1_26' title='bbox 650 510 726 553; x_wconf 92' lang='lat' dir='ltr'>non</span> <span class='ocrx_word' id='word_1_27' title='bbox 749 488 915 573; x_wconf 86' lang='lat' dir='ltr'><strong>delphin.</strong></span> <span class='ocrx_word' id='word_1_28' title='bbox 1285 563 1286 574; x_wconf 17' lang='lat'>¹</span> 
     </span>
     <span class='ocr_line' id='line_1_5' title="bbox 95 577 1286 674; baseline 0.003 -32"><span class='ocrx_word' id='word_1_29' title='bbox 95 587 122 642; x_wconf 86' lang='lat' dir='ltr'><strong><em>L</em></strong></span> <span class='ocrx_word' id='word_1_30' title='bbox 231 577 281 642; x_wconf 86' lang='lat' dir='ltr'>Ac</span> <span class='ocrx_word' id='word_1_31' title='bbox 317 599 359 642; x_wconf 88' lang='lat' dir='ltr'>ne</span> <span class='ocrx_word' id='word_1_32' title='bbox 392 577 468 642; x_wconf 90' lang='lat' dir='ltr'>illos</span> <span class='ocrx_word' id='word_1_33' title='bbox 501 577 630 663; x_wconf 88' lang='lat' dir='ltr'>quidem</span> <span class='ocrx_word' id='word_1_34' title='bbox 662 599 775 642; x_wconf 90' lang='lat' dir='ltr'>uersus</span> <span class='ocrx_word' id='word_1_35' title='bbox 807 579 923 642; x_wconf 90' lang='lat' dir='ltr'>Auieni</span> <span class='ocrx_word' id='word_1_36' title='bbox 959 580 1155 663; x_wconf 85' lang='lat' dir='ltr'>perlustrare</span> <span class='ocrx_word' id='word_1_37' title='bbox 1285 607 1286 674; x_wconf 64' lang='grc' dir='ltr'><strong>ι</strong></span> 
     </span>
     <span class='ocr_line' id='line_1_6' title="bbox 138 664 1286 752; baseline 0 -22"><span class='ocrx_word' id='word_1_38' title='bbox 138 667 268 752; x_wconf 84' lang='lat' dir='ltr'>neglexi</span> <span class='ocrx_word' id='word_1_39' title='bbox 292 667 348 751; x_wconf 91' lang='lat' dir='ltr'>qui</span> <span class='ocrx_word' id='word_1_40' title='bbox 370 666 580 731; x_wconf 84' lang='lat' dir='ltr'>inueniuntur</span> <span class='ocrx_word' id='word_1_41' title='bbox 602 667 636 730; x_wconf 92' lang='lat' dir='ltr'>in</span> <span class='ocrx_word' id='word_1_42' title='bbox 659 664 842 732; x_wconf 81' lang='lat' dir='ltr'>Germanici</span> <span class='ocrx_word' id='word_1_43' title='bbox 866 667 974 733; x_wconf 88' lang='lat' dir='ltr'>codice</span> <span class='ocrx_word' id='word_1_44' title='bbox 995 667 1156 751; x_wconf 86' lang='lat' dir='ltr'>Leidensi,</span> <span class='ocrx_word' id='word_1_45' title='bbox 1285 683 1286 730; x_wconf 82' lang='lat'>3</span> 
     </span>
     <span class='ocr_line' id='line_1_7' title="bbox 139 754 1156 840; baseline 0.001 -20"><span class='ocrx_word' id='word_1_46' title='bbox 139 757 194 840; x_wconf 89' lang='lat' dir='ltr'>qui</span> <span class='ocrx_word' id='word_1_47' title='bbox 222 755 371 840; x_wconf 89' lang='lat' dir='ltr'>signatur</span> <span class='ocrx_word' id='word_1_48' title='bbox 397 754 578 820; x_wconf 78' lang='lat' dir='ltr'>Vossianus</span> <span class='ocrx_word' id='word_1_49' title='bbox 602 755 739 821; x_wconf 85' lang='lat' dir='ltr'>Latinus</span> <span class='ocrx_word' id='word_1_50' title='bbox 764 754 800 831; x_wconf 80' lang='lat' dir='ltr'>Q.</span> <span class='ocrx_word' id='word_1_51' title='bbox 825 756 881 839; x_wconf 91' lang='grc'>79,</span> <span class='ocrx_word' id='word_1_52' title='bbox 908 757 947 822; x_wconf 86' lang='lat' dir='ltr'>of.</span> <span class='ocrx_word' id='word_1_53' title='bbox 971 755 1156 822; x_wconf 78' lang='lat' dir='ltr'>Germanici</span> 
     </span>
     <span class='ocr_line' id='line_1_8' title="bbox 138 842 835 928; baseline 0 -19"><span class='ocrx_word' id='word_1_54' title='bbox 138 845 262 910; x_wconf 84' lang='lat' dir='ltr'>Aratea</span> <span class='ocrx_word' id='word_1_55' title='bbox 284 865 315 927; x_wconf 90' lang='lat' dir='ltr'>p.</span> <span class='ocrx_word' id='word_1_56' title='bbox 338 843 403 908; x_wconf 93' lang='lat' dir='ltr'>VII</span> <span class='ocrx_word' id='word_1_57' title='bbox 427 847 460 908; x_wconf 84' lang='lat' dir='ltr'>et</span> <span class='ocrx_word' id='word_1_58' title='bbox 482 863 591 928; x_wconf 86' lang='lat' dir='ltr'>progr.</span> <span class='ocrx_word' id='word_1_59' title='bbox 614 843 683 908; x_wconf 77' lang='lat' dir='ltr'>mr.</span> <span class='ocrx_word' id='word_1_60' title='bbox 706 866 737 927; x_wconf 91' lang='lat' dir='ltr'>p.</span> <span class='ocrx_word' id='word_1_61' title='bbox 760 842 835 909; x_wconf 93' lang='lat' dir='ltr'>VII.</span> 
     </span>
     <span class='ocr_line' id='line_1_9' title="bbox 228 929 1156 1018; baseline 0.002 -21"><span class='ocrx_word' id='word_1_62' title='bbox 228 932 273 998; x_wconf 81' lang='lat' dir='ltr'>Et</span> <span class='ocrx_word' id='word_1_63' title='bbox 296 929 437 997; x_wconf 90' lang='lat' dir='ltr'>Gudiani</span> <span class='ocrx_word' id='word_1_64' title='bbox 464 933 540 997; x_wconf 91' lang='lat' dir='ltr'>libri</span> <span class='ocrx_word' id='word_1_65' title='bbox 568 931 910 1016; x_wconf 84' lang='lat' dir='ltr'>Guelferbytanorum‚</span> <span class='ocrx_word' id='word_1_66' title='bbox 939 934 994 1018; x_wconf 90' lang='lat' dir='ltr'>qui</span> <span class='ocrx_word' id='word_1_67' title='bbox 1022 937 1071 999; x_wconf 87' lang='lat' dir='ltr'>est</span> <span class='ocrx_word' id='word_1_68' title='bbox 1098 957 1156 1000; x_wconf 93' lang='lat' dir='ltr'>nu·</span> 
     </span>
     <span class='ocr_line' id='line_1_10' title="bbox 139 1018 1154 1196; baseline 0.001 -110"><span class='ocrx_word' id='word_1_69' title='bbox 139 1021 327 1196; x_wconf 71' lang='lat' dir='ltr'>mero)132‚</span> <span class='ocrx_word' id='word_1_70' title='bbox 351 1021 597 1105; x_wconf 73' lang='lat' dir='ltr'>inscriptionem</span> <span class='ocrx_word' id='word_1_71' title='bbox 622 1021 717 1087; x_wconf 85' lang='lat' dir='ltr'>attuli</span> <span class='ocrx_word' id='word_1_72' title='bbox 740 1018 794 1107; x_wconf 85' lang='lat' dir='ltr'>(of.</span> <span class='ocrx_word' id='word_1_73' title='bbox 813 1021 951 1087; x_wconf 85' lang='lat' dir='ltr'>Hermes</span> <span class='ocrx_word' id='word_1_74' title='bbox 969 1021 1017 1086; x_wconf 87' lang='lat' dir='ltr'>XI</span> <span class='ocrx_word' id='word_1_75' title='bbox 1039 1046 1070 1107; x_wconf 93' lang='lat' dir='ltr'>p.</span> <span class='ocrx_word' id='word_1_76' title='bbox 1090 1022 1154 1088; x_wconf 81' lang='lat'>251</span> 
     </span>
     <span class='ocr_line' id='line_1_11' title="bbox 138 1111 261 1175; baseline -0.024 0"><span class='ocrx_word' id='word_1_77' title='bbox 138 1132 169 1175; x_wconf 91' lang='lat' dir='ltr'>n.</span> <span class='ocrx_word' id='word_1_78' title='bbox 196 1111 261 1175; x_wconf 95' lang='grc'>11.</span> 
     </span>
     <span class='ocr_line' id='line_1_12' title="bbox 108 1197 1156 1283; baseline 0.002 -21"><span class='ocrx_word' id='word_1_79' title='bbox 108 1225 122 1262; x_wconf 80' lang='lat' dir='ltr'>a</span> <span class='ocrx_word' id='word_1_80' title='bbox 229 1198 281 1264; x_wconf 80' lang='lat' dir='ltr'>Ex</span> <span class='ocrx_word' id='word_1_81' title='bbox 304 1198 501 1263; x_wconf 74' lang='lat' dir='ltr'>editionibus</span> <span class='ocrx_word' id='word_1_82' title='bbox 522 1199 659 1283; x_wconf 87' lang='lat' dir='ltr'>quidem,</span> <span class='ocrx_word' id='word_1_83' title='bbox 683 1220 763 1283; x_wconf 91' lang='lat' dir='ltr'>quas</span> <span class='ocrx_word' id='word_1_84' title='bbox 781 1197 848 1263; x_wconf 83' lang='lat' dir='ltr'>fere</span> <span class='ocrx_word' id='word_1_85' title='bbox 868 1220 979 1264; x_wconf 91' lang='lat' dir='ltr'>omnes</span> <span class='ocrx_word' id='word_1_86' title='bbox 998 1200 1156 1283; x_wconf 88' lang='lat' dir='ltr'>inspicere</span> 
     </span>
     <span class='ocr_line' id='line_1_13' title="bbox 139 1286 1158 1372; baseline 0.001 -20"><span class='ocrx_word' id='word_1_87' title='bbox 139 1287 221 1352; x_wconf 90' lang='lat' dir='ltr'>mihi</span> <span class='ocrx_word' id='word_1_88' title='bbox 243 1287 344 1370; x_wconf 84' lang='lat' dir='ltr'>licuit,</span> <span class='ocrx_word' id='word_1_89' title='bbox 369 1308 415 1367; x_wconf 85' lang='lat' dir='ltr'>ea,</span> <span class='ocrx_word' id='word_1_90' title='bbox 439 1308 537 1371; x_wconf 87' lang='lat' dir='ltr'>quam</span> <span class='ocrx_word' id='word_1_91' title='bbox 560 1287 698 1370; x_wconf 89' lang='lat' dir='ltr'>primam</span> <span class='ocrx_word' id='word_1_92' title='bbox 723 1286 881 1372; x_wconf 72' lang='lat' dir='ltr'>Georgius</span> <span class='ocrx_word' id='word_1_93' title='bbox 904 1287 1004 1352; x_wconf 86' lang='lat' dir='ltr'>Valla</span> <span class='ocrx_word' id='word_1_94' title='bbox 1025 1287 1158 1353; x_wconf 85' lang='lat' dir='ltr'>Placen·</span> 
     </span>
     <span class='ocr_line' id='line_1_14' title="bbox 139 1372 1158 1460; baseline 0.002 -20"><span class='ocrx_word' id='word_1_95' title='bbox 139 1376 228 1441; x_wconf 85' lang='lat' dir='ltr'>tinus</span> <span class='ocrx_word' id='word_1_96' title='bbox 248 1396 334 1440; x_wconf 91' lang='lat' dir='ltr'>anno</span> <span class='ocrx_word' id='word_1_97' title='bbox 353 1372 704 1440; x_wconf 79' lang='lat' dir='ltr'>MGGGGLXXXVIII</span> <span class='ocrx_word' id='word_1_98' title='bbox 722 1375 870 1440; x_wconf 85' lang='lat' dir='ltr'>Venetiis</span> <span class='ocrx_word' id='word_1_99' title='bbox 888 1377 1028 1460; x_wconf 84' lang='lat' dir='ltr'>parauit,</span> <span class='ocrx_word' id='word_1_100' title='bbox 1050 1377 1158 1442; x_wconf 89' lang='lat' dir='ltr'>media</span> 
     </span>
     <span class='ocr_line' id='line_1_15' title="bbox 140 1463 1157 1550; baseline 0 -20"><span class='ocrx_word' id='word_1_101' title='bbox 140 1467 191 1530; x_wconf 84' lang='lat' dir='ltr'>est</span> <span class='ocrx_word' id='word_1_102' title='bbox 212 1464 299 1529; x_wconf 88' lang='lat' dir='ltr'>inter</span> <span class='ocrx_word' id='word_1_103' title='bbox 322 1463 447 1529; x_wconf 88' lang='lat' dir='ltr'>codices</span> <span class='ocrx_word' id='word_1_104' title='bbox 471 1467 504 1528; x_wconf 87' lang='lat' dir='ltr'>et</span> <span class='ocrx_word' id='word_1_105' title='bbox 525 1464 667 1549; x_wconf 89' lang='lat' dir='ltr'>reliquos</span> <span class='ocrx_word' id='word_1_106' title='bbox 690 1464 792 1529; x_wconf 89' lang='lat' dir='ltr'>libros</span> <span class='ocrx_word' id='word_1_107' title='bbox 810 1465 900 1549; x_wconf 85' lang='lat' dir='ltr'>typis</span> <span class='ocrx_word' id='word_1_108' title='bbox 919 1487 1096 1550; x_wconf 84' lang='lat' dir='ltr'>expressos,</span> <span class='ocrx_word' id='word_1_109' title='bbox 1118 1469 1157 1529; x_wconf 88' lang='lat' dir='ltr'>ut</span> 
     </span>
     <span class='ocr_line' id='line_1_16' title="bbox 139 1553 1157 1637; baseline 0.001 -20"><span class='ocrx_word' id='word_1_110' title='bbox 139 1553 216 1617; x_wconf 87' lang='lat' dir='ltr'>libri</span> <span class='ocrx_word' id='word_1_111' title='bbox 238 1573 338 1617; x_wconf 89' lang='lat' dir='ltr'>manu</span> <span class='ocrx_word' id='word_1_112' title='bbox 362 1553 474 1637; x_wconf 84' lang='lat' dir='ltr'>scripti</span> <span class='ocrx_word' id='word_1_113' title='bbox 495 1554 561 1618; x_wconf 84' lang='lat' dir='ltr'>fere</span> <span class='ocrx_word' id='word_1_114' title='bbox 577 1554 681 1619; x_wconf 85' lang='lat' dir='ltr'>instar</span> <span class='ocrx_word' id='word_1_115' title='bbox 701 1554 751 1618; x_wconf 89' lang='lat' dir='ltr'>sit.</span> <span class='ocrx_word' id='word_1_116' title='bbox 788 1554 908 1619; x_wconf 87' lang='lat' dir='ltr'>etenim</span> <span class='ocrx_word' id='word_1_117' title='bbox 927 1555 963 1619; x_wconf 91' lang='lat' dir='ltr'>in</span> <span class='ocrx_word' id='word_1_118' title='bbox 982 1576 1020 1618; x_wconf 85' lang='lat' dir='ltr'>ea</span> <span class='ocrx_word' id='word_1_119' title='bbox 1038 1553 1157 1619; x_wconf 85' lang='lat' dir='ltr'>Auiani</span> 
     </span>
     <span class='ocr_line' id='line_1_17' title="bbox 141 1642 965 1727; baseline 0.001 -20"><span class='ocrx_word' id='word_1_120' title='bbox 141 1642 342 1727; x_wconf 87' lang='lat' dir='ltr'>aliorumque</span> <span class='ocrx_word' id='word_1_121' title='bbox 365 1643 526 1726; x_wconf 87' lang='lat' dir='ltr'>poematis</span> <span class='ocrx_word' id='word_1_122' title='bbox 549 1642 751 1726; x_wconf 87' lang='lat' dir='ltr'>praescripta</span> <span class='ocrx_word' id='word_1_123' title='bbox 774 1645 850 1712; x_wconf 82' lang='lat' dir='ltr'>sunt</span> <span class='ocrx_word' id='word_1_124' title='bbox 871 1643 965 1708; x_wconf 85' lang='lat' dir='ltr'>haec:</span> 
     </span>
     <span class='ocr_line' id='line_1_18' title="bbox 140 1760 1122 1832; baseline 0 -15"><span class='ocrx_word' id='word_1_125' title='bbox 140 1763 194 1817; x_wconf 92' lang='lat' dir='ltr'>Hic</span> <span class='ocrx_word' id='word_1_126' title='bbox 213 1761 301 1816; x_wconf 85' lang='lat' dir='ltr'>codex</span> <span class='ocrx_word' id='word_1_127' title='bbox 320 1761 425 1817; x_wconf 89' lang='lat' dir='ltr'>aoienii</span> <span class='ocrx_word' id='word_1_128' title='bbox 445 1761 551 1816; x_wconf 74' lang='lat' dir='ltr'>adtinet</span> <span class='ocrx_word' id='word_1_129' title='bbox 569 1760 723 1831; x_wconf 71' lang='lat' dir='ltr'>epigrama.</span> <span class='ocrx_word' id='word_1_130' title='bbox 761 1761 853 1818; x_wconf 68' lang='lat' dir='ltr'>aiusdd</span> <span class='ocrx_word' id='word_1_131' title='bbox 873 1763 946 1816; x_wconf 87' lang='lat' dir='ltr'>arati</span> <span class='ocrx_word' id='word_1_132' title='bbox 964 1763 1122 1832; x_wconf 85' lang='lat' dir='ltr'>phaenome-</span> 
     </span>
     <span class='ocr_line' id='line_1_19' title="bbox 141 1831 1122 1902; baseline 0 -14"><span class='ocrx_word' id='word_1_133' title='bbox 141 1851 179 1888; x_wconf 88' lang='lat' dir='ltr'>na</span> <span class='ocrx_word' id='word_1_134' title='bbox 202 1832 375 1902; x_wconf 70' lang='lat' dir='ltr'>geographia</span> <span class='ocrx_word' id='word_1_135' title='bbox 399 1833 521 1886; x_wconf 88' lang='lat' dir='ltr'>carmine</span> <span class='ocrx_word' id='word_1_136' title='bbox 543 1831 671 1887; x_wconf 75' lang='lat' dir='ltr'>heroico:</span> <span class='ocrx_word' id='word_1_137' title='bbox 695 1833 797 1887; x_wconf 78' lang='lat' dir='ltr'>&amp;oras</span> <span class='ocrx_word' id='word_1_138' title='bbox 815 1833 971 1890; x_wconf 85' lang='lat' dir='ltr'>maritimas</span> <span class='ocrx_word' id='word_1_139' title='bbox 993 1834 1122 1890; x_wconf 83' lang='lat' dir='ltr'>trimetro</span> 
     </span>
    </p>
   </div>
   <div class='ocr_carea' id='block_1_4' title="bbox 141 1903 1124 2030">
    <p class='ocr_par' dir='ltr' id='par_1_4' title="bbox 141 1903 1124 2030">
     <span class='ocr_line' id='line_1_20' title="bbox 141 1903 1124 1975; baseline -0.001 -16"><span class='ocrx_word' id='word_1_140' title='bbox 141 1904 276 1959; x_wconf 85' lang='lat' dir='ltr'>iambico:</span> <span class='ocrx_word' id='word_1_141' title='bbox 299 1903 454 1974; x_wconf 81' lang='lat' dir='ltr'>germanici</span> <span class='ocrx_word' id='word_1_142' title='bbox 472 1919 570 1972; x_wconf 88' lang='lat' dir='ltr'>quoq;:</span> <span class='ocrx_word' id='word_1_143' title='bbox 590 1903 613 1956; x_wconf 77' lang='lat' dir='ltr'>tr</span> <span class='ocrx_word' id='word_1_144' title='bbox 631 1903 719 1958; x_wconf 86' lang='lat' dir='ltr'>marci</span> <span class='ocrx_word' id='word_1_145' title='bbox 735 1903 801 1958; x_wconf 83' lang='lat' dir='ltr'>tulii</span> <span class='ocrx_word' id='word_1_146' title='bbox 819 1903 892 1958; x_wconf 89' lang='lat' dir='ltr'>arati</span> <span class='ocrx_word' id='word_1_147' title='bbox 909 1905 1081 1975; x_wconf 84' lang='lat' dir='ltr'>fragmenta:</span> <span class='ocrx_word' id='word_1_148' title='bbox 1100 1905 1124 1958; x_wconf 74' lang='lat' dir='ltr'>tr</span> 
     </span>
     <span class='ocr_line' id='line_1_21' title="bbox 142 1973 789 2030; baseline -0.003 0"><span class='ocrx_word' id='word_1_149' title='bbox 142 1975 240 2030; x_wconf 85' lang='lat' dir='ltr'>Sereni</span> <span class='ocrx_word' id='word_1_150' title='bbox 257 1973 351 2029; x_wconf 83' lang='lat' dir='ltr'>uersus</span> <span class='ocrx_word' id='word_1_151' title='bbox 371 1974 405 2030; x_wconf 88' lang='lat' dir='ltr'>de</span> <span class='ocrx_word' id='word_1_152' title='bbox 423 1973 509 2029; x_wconf 87' lang='lat' dir='ltr'>uariis</span> <span class='ocrx_word' id='word_1_153' title='bbox 528 1974 657 2029; x_wconf 88' lang='lat' dir='ltr'>curandis</span> <span class='ocrx_word' id='word_1_154' title='bbox 676 1974 789 2029; x_wconf 90' lang='lat' dir='ltr'>morbis.</span> 
     </span>
    </p>
   </div>
   <div class='ocr_carea' id='block_1_5' title="bbox 140 2082 1286 3321">
    <p class='ocr_par' dir='ltr' id='par_1_5' title="bbox 140 2082 1286 2965">
     <span class='ocr_line' id='line_1_22' title="bbox 230 2082 1160 2169; baseline 0.001 -21"><span class='ocrx_word' id='word_1_155' title='bbox 230 2083 270 2148; x_wconf 89' lang='lat' dir='ltr'>In</span> <span class='ocrx_word' id='word_1_156' title='bbox 297 2083 429 2169; x_wconf 88' lang='lat' dir='ltr'>quibus,</span> <span class='ocrx_word' id='word_1_157' title='bbox 456 2083 520 2147; x_wconf 91' lang='lat' dir='ltr'>nisi</span> <span class='ocrx_word' id='word_1_158' title='bbox 544 2083 654 2148; x_wconf 89' lang='lat' dir='ltr'>omnia</span> <span class='ocrx_word' id='word_1_159' title='bbox 677 2104 728 2147; x_wconf 88' lang='lat' dir='ltr'>me</span> <span class='ocrx_word' id='word_1_160' title='bbox 751 2082 883 2165; x_wconf 85' lang='lat' dir='ltr'>fallunt,</span> <span class='ocrx_word' id='word_1_161' title='bbox 912 2083 1084 2167; x_wconf 88' lang='lat' dir='ltr'>conspicua</span> <span class='ocrx_word' id='word_1_162' title='bbox 1109 2088 1160 2150; x_wconf 89' lang='lat' dir='ltr'>est</span> 
     </span>
     <span class='ocr_line' id='line_1_23' title="bbox 140 2169 1159 2256; baseline -0.001 -17"><span class='ocrx_word' id='word_1_163' title='bbox 140 2173 263 2239; x_wconf 86' lang='lat' dir='ltr'>uetusti</span> <span class='ocrx_word' id='word_1_164' title='bbox 291 2172 483 2255; x_wconf 87' lang='lat' dir='ltr'>exemplaris</span> <span class='ocrx_word' id='word_1_165' title='bbox 510 2171 641 2254; x_wconf 86' lang='lat' dir='ltr'>effigies.</span> <span class='ocrx_word' id='word_1_166' title='bbox 687 2169 865 2254; x_wconf 78' lang='lat' dir='ltr'>Georgium</span> <span class='ocrx_word' id='word_1_167' title='bbox 888 2175 996 2236; x_wconf 88' lang='lat' dir='ltr'>autem</span> <span class='ocrx_word' id='word_1_168' title='bbox 1019 2169 1159 2256; x_wconf 82' lang='lat' dir='ltr'>Vallum,</span> 
     </span>
     <span class='ocr_line' id='line_1_24' title="bbox 141 2257 1286 2347; baseline 0 -21"><span class='ocrx_word' id='word_1_169' title='bbox 141 2263 174 2328; x_wconf 90' lang='lat' dir='ltr'>id</span> <span class='ocrx_word' id='word_1_170' title='bbox 198 2261 285 2347; x_wconf 91' lang='lat' dir='ltr'>quod</span> <span class='ocrx_word' id='word_1_171' title='bbox 307 2261 431 2345; x_wconf 89' lang='lat' dir='ltr'>primus</span> <span class='ocrx_word' id='word_1_172' title='bbox 455 2259 538 2324; x_wconf 89' lang='lat' dir='ltr'>uidit</span> <span class='ocrx_word' id='word_1_173' title='bbox 554 2258 728 2324; x_wconf 77' lang='lat' dir='ltr'>Mauricius</span> <span class='ocrx_word' id='word_1_174' title='bbox 748 2259 861 2344; x_wconf 85' lang='lat' dir='ltr'>Haupt</span> <span class='ocrx_word' id='word_1_175' title='bbox 881 2257 936 2344; x_wconf 88' lang='lat' dir='ltr'>(cf.</span> <span class='ocrx_word' id='word_1_176' title='bbox 954 2259 1092 2325; x_wconf 89' lang='lat' dir='ltr'>Hermes</span> <span class='ocrx_word' id='word_1_177' title='bbox 1110 2261 1158 2326; x_wconf 90' lang='lat' dir='ltr'>IV</span> <span class='ocrx_word' id='word_1_178' title='bbox 1285 2307 1286 2312; x_wconf 20' lang='grc' dir='ltr'>η</span> 
     </span>
     <span class='ocr_line' id='line_1_25' title="bbox 142 2347 1156 2436; baseline 0 -21"><span class='ocrx_word' id='word_1_179' title='bbox 142 2373 172 2435; x_wconf 95' lang='lat' dir='ltr'>p.</span> <span class='ocrx_word' id='word_1_180' title='bbox 196 2347 291 2436; x_wconf 82' lang='lat'><strong>331),</strong></span> <span class='ocrx_word' id='word_1_181' title='bbox 320 2371 358 2415; x_wconf 87' lang='lat' dir='ltr'>ea</span> <span class='ocrx_word' id='word_1_182' title='bbox 386 2370 469 2434; x_wconf 87' lang='lat' dir='ltr'>quae</span> <span class='ocrx_word' id='word_1_183' title='bbox 495 2351 590 2412; x_wconf 87' lang='lat' dir='ltr'>uetus</span> <span class='ocrx_word' id='word_1_184' title='bbox 618 2348 782 2432; x_wconf 84' lang='lat' dir='ltr'>exemplar</span> <span class='ocrx_word' id='word_1_185' title='bbox 804 2349 835 2412; x_wconf 94' lang='lat' dir='ltr'>ei</span> <span class='ocrx_word' id='word_1_186' title='bbox 858 2348 1053 2432; x_wconf 75' lang='lat' dir='ltr'>praebuerat</span> <span class='ocrx_word' id='word_1_187' title='bbox 1076 2351 1156 2416; x_wconf 89' lang='lat' dir='ltr'>satis</span> 
     </span>
     <span class='ocr_line' id='line_1_26' title="bbox 142 2436 1157 2523; baseline 0 -19"><span class='ocrx_word' id='word_1_188' title='bbox 142 2441 291 2504; x_wconf 86' lang='lat' dir='ltr'>accurate</span> <span class='ocrx_word' id='word_1_189' title='bbox 314 2437 495 2521; x_wconf 86' lang='lat' dir='ltr'>repetiisse,</span> <span class='ocrx_word' id='word_1_190' title='bbox 520 2436 593 2520; x_wconf 90' lang='lat' dir='ltr'>ipsa</span> <span class='ocrx_word' id='word_1_191' title='bbox 616 2437 849 2521; x_wconf 85' lang='lat' dir='ltr'>scripturarum</span> <span class='ocrx_word' id='word_1_192' title='bbox 871 2440 989 2502; x_wconf 89' lang='lat' dir='ltr'>natura</span> <span class='ocrx_word' id='word_1_193' title='bbox 1011 2459 1157 2523; x_wconf 87' lang='lat' dir='ltr'>compro-</span> 
     </span>
     <span class='ocr_line' id='line_1_27' title="bbox 142 2525 1159 2612; baseline -0.001 -20"><span class='ocrx_word' id='word_1_194' title='bbox 142 2529 247 2592; x_wconf 87' lang='lat' dir='ltr'>batur.</span> <span class='ocrx_word' id='word_1_195' title='bbox 293 2527 360 2592; x_wconf 82' lang='lat' dir='ltr'>ianr</span> <span class='ocrx_word' id='word_1_196' title='bbox 382 2526 462 2590; x_wconf 85' lang='lat' dir='ltr'>haec</span> <span class='ocrx_word' id='word_1_197' title='bbox 485 2525 585 2591; x_wconf 85' lang='lat' dir='ltr'>editio</span> <span class='ocrx_word' id='word_1_198' title='bbox 607 2526 692 2591; x_wconf 86' lang='lat' dir='ltr'>inter</span> <span class='ocrx_word' id='word_1_199' title='bbox 715 2546 827 2592; x_wconf 89' lang='lat' dir='ltr'>omncs</span> <span class='ocrx_word' id='word_1_200' title='bbox 852 2547 889 2590; x_wconf 90' lang='lat' dir='ltr'>co</span> <span class='ocrx_word' id='word_1_201' title='bbox 913 2526 1050 2608; x_wconf 75' lang='lat' dir='ltr'>excellit,</span> <span class='ocrx_word' id='word_1_202' title='bbox 1072 2526 1159 2612; x_wconf 89' lang='lat' dir='ltr'>quod</span> 
     </span>
     <span class='ocr_line' id='line_1_28' title="bbox 142 2615 1160 2700; baseline 0.001 -20"><span class='ocrx_word' id='word_1_203' title='bbox 142 2615 265 2682; x_wconf 80' lang='lat' dir='ltr'>Aratea</span> <span class='ocrx_word' id='word_1_204' title='bbox 299 2616 437 2700; x_wconf 89' lang='lat' dir='ltr'>praebet</span> <span class='ocrx_word' id='word_1_205' title='bbox 467 2615 564 2698; x_wconf 86' lang='lat' dir='ltr'>plena</span> <span class='ocrx_word' id='word_1_206' title='bbox 595 2635 698 2699; x_wconf 90' lang='lat' dir='ltr'>neque</span> <span class='ocrx_word' id='word_1_207' title='bbox 732 2615 833 2679; x_wconf 88' lang='lat' dir='ltr'>ullum</span> <span class='ocrx_word' id='word_1_208' title='bbox 865 2636 996 2679; x_wconf 88' lang='lat' dir='ltr'>uersum</span> <span class='ocrx_word' id='word_1_209' title='bbox 1028 2616 1160 2682; x_wconf 84' lang='lat' dir='ltr'>omittit</span> 
     </span>
     <span class='ocr_line' id='line_1_29' title="bbox 143 2703 1157 2790; baseline 0 -21"><span class='ocrx_word' id='word_1_210' title='bbox 143 2727 207 2790; x_wconf 90' lang='lat' dir='ltr'>quo</span> <span class='ocrx_word' id='word_1_211' title='bbox 230 2704 353 2769; x_wconf 89' lang='lat' dir='ltr'>factum</span> <span class='ocrx_word' id='word_1_212' title='bbox 377 2707 435 2787; x_wconf 83' lang='lat' dir='ltr'>est,</span> <span class='ocrx_word' id='word_1_213' title='bbox 457 2706 494 2768; x_wconf 85' lang='lat' dir='ltr'>ut</span> <span class='ocrx_word' id='word_1_214' title='bbox 517 2725 557 2768; x_wconf 85' lang='lat' dir='ltr'>ex</span> <span class='ocrx_word' id='word_1_215' title='bbox 580 2703 729 2768; x_wconf 91' lang='lat' dir='ltr'>omnibus</span> <span class='ocrx_word' id='word_1_216' title='bbox 753 2725 819 2768; x_wconf 90' lang='lat' dir='ltr'>una</span> <span class='ocrx_word' id='word_1_217' title='bbox 836 2725 866 2767; x_wconf 93' lang='lat' dir='ltr'>u.</span> <span class='ocrx_word' id='word_1_218' title='bbox 888 2704 973 2768; x_wconf 91' lang='grc'><strong>1479</strong></span> <span class='ocrx_word' id='word_1_219' title='bbox 993 2707 1157 2769; x_wconf 86' lang='lat' dir='ltr'>seruatum</span> 
     </span>
     <span class='ocr_line' id='line_1_30' title="bbox 141 2791 1159 2876; baseline 0 -18"><span class='ocrx_word' id='word_1_220' title='bbox 141 2792 293 2858; x_wconf 82' lang='lat' dir='ltr'>traderet.</span> <span class='ocrx_word' id='word_1_221' title='bbox 341 2814 448 2876; x_wconf 89' lang='lat' dir='ltr'>neque</span> <span class='ocrx_word' id='word_1_222' title='bbox 480 2813 517 2858; x_wconf 91' lang='lat' dir='ltr'>ec</span> <span class='ocrx_word' id='word_1_223' title='bbox 549 2793 648 2857; x_wconf 88' lang='lat' dir='ltr'>setius</span> <span class='ocrx_word' id='word_1_224' title='bbox 676 2795 804 2875; x_wconf 82' lang='lat' dir='ltr'>praeter</span> <span class='ocrx_word' id='word_1_225' title='bbox 831 2791 913 2858; x_wconf 87' lang='lat' dir='ltr'>alios</span> <span class='ocrx_word' id='word_1_226' title='bbox 940 2813 1053 2858; x_wconf 88' lang='lat' dir='ltr'>uersus</span> <span class='ocrx_word' id='word_1_227' title='bbox 1082 2797 1159 2858; x_wconf 85' lang='lat' dir='ltr'>sunt</span> 
     </span>
     <span class='ocr_line' id='line_1_31' title="bbox 142 2879 1123 2965; baseline 0 -19"><span class='ocrx_word' id='word_1_228' title='bbox 142 2881 252 2947; x_wconf 87' lang='lat' dir='ltr'>mutili</span> <span class='ocrx_word' id='word_1_229' title='bbox 275 2881 349 2965; x_wconf 82' lang='grc'>270,</span> <span class='ocrx_word' id='word_1_230' title='bbox 374 2881 448 2965; x_wconf 90' lang='grc'>570,</span> <span class='ocrx_word' id='word_1_231' title='bbox 475 2880 559 2945; x_wconf 90' lang='grc'>1079</span> <span class='ocrx_word' id='word_1_232' title='bbox 584 2883 617 2945; x_wconf 90' lang='lat' dir='ltr'>et</span> <span class='ocrx_word' id='word_1_233' title='bbox 638 2903 668 2944; x_wconf 92' lang='lat' dir='ltr'>u.</span> <span class='ocrx_word' id='word_1_234' title='bbox 693 2879 759 2945; x_wconf 88' lang='grc'>675</span> <span class='ocrx_word' id='word_1_235' title='bbox 781 2880 957 2965; x_wconf 90' lang='lat' dir='ltr'>requiritur</span> <span class='ocrx_word' id='word_1_236' title='bbox 980 2901 1123 2946; x_wconf 86' lang='lat' dir='ltr'>caesura.</span> 
     </span>
    </p>

    <p class='ocr_par' dir='ltr' id='par_1_6' title="bbox 143 2967 1162 3321">
     <span class='ocr_line' id='line_1_32' title="bbox 232 2967 1159 3052; baseline 0.002 -18"><span class='ocrx_word' id='word_1_237' title='bbox 232 2967 330 3034; x_wconf 87' lang='lat' dir='ltr'>Haud</span> <span class='ocrx_word' id='word_1_238' title='bbox 352 2969 400 3034; x_wconf 84' lang='lat' dir='ltr'>ita</span> <span class='ocrx_word' id='word_1_239' title='bbox 423 2969 528 3035; x_wconf 85' lang='lat' dir='ltr'>multo</span> <span class='ocrx_word' id='word_1_240' title='bbox 551 2972 626 3052; x_wconf 92' lang='lat' dir='ltr'>post</span> <span class='ocrx_word' id='word_1_241' title='bbox 649 2990 736 3034; x_wconf 90' lang='lat' dir='ltr'>anno</span> <span class='ocrx_word' id='word_1_242' title='bbox 758 2968 841 3034; x_wconf 91' lang='lat' dir='ltr'>MID</span> <span class='ocrx_word' id='word_1_243' title='bbox 865 2967 970 3035; x_wconf 86' lang='lat' dir='ltr'>Aldus</span> <span class='ocrx_word' id='word_1_244' title='bbox 997 2970 1159 3036; x_wconf 85' lang='lat' dir='ltr'>Manutius</span> 
     </span>
     <span class='ocr_line' id='line_1_33' title="bbox 144 3056 1159 3142; baseline 0 -19"><span class='ocrx_word' id='word_1_245' title='bbox 144 3058 310 3124; x_wconf 86' lang='lat' dir='ltr'>Romanus</span> <span class='ocrx_word' id='word_1_246' title='bbox 333 3057 428 3122; x_wconf 81' lang='lat' dir='ltr'>Arati</span> <span class='ocrx_word' id='word_1_247' title='bbox 451 3056 677 3141; x_wconf 85' lang='lat' dir='ltr'>phaenomena</span> <span class='ocrx_word' id='word_1_248' title='bbox 698 3056 807 3122; x_wconf 69' lang='lat' dir='ltr'>‘Ruffo</span> <span class='ocrx_word' id='word_1_249' title='bbox 825 3056 922 3122; x_wconf 80' lang='lat' dir='ltr'>Festo</span> <span class='ocrx_word' id='word_1_250' title='bbox 942 3057 1081 3123; x_wconf 79' lang='lat' dir='ltr'>Auianio</span> <span class='ocrx_word' id='word_1_251' title='bbox 1103 3080 1159 3142; x_wconf 86' lang='lat' dir='ltr'>pa·</span> 
     </span>
     <span class='ocr_line' id='line_1_34' title="bbox 143 3142 1161 3231; baseline -0.001 -19"><span class='ocrx_word' id='word_1_252' title='bbox 143 3145 322 3230; x_wconf 84' lang='lat' dir='ltr'>raphraste&#39;</span> <span class='ocrx_word' id='word_1_253' title='bbox 345 3168 411 3211; x_wconf 89' lang='lat' dir='ltr'>una</span> <span class='ocrx_word' id='word_1_254' title='bbox 434 3167 506 3210; x_wconf 88' lang='lat' dir='ltr'>eum</span> <span class='ocrx_word' id='word_1_255' title='bbox 524 3144 599 3210; x_wconf 92' lang='lat' dir='ltr'>Iulii</span> <span class='ocrx_word' id='word_1_256' title='bbox 617 3142 749 3211; x_wconf 83' lang='lat' dir='ltr'>Firmici</span> <span class='ocrx_word' id='word_1_257' title='bbox 767 3147 1003 3212; x_wconf 84' lang='lat' dir='ltr'>Astronomicis</span> <span class='ocrx_word' id='word_1_258' title='bbox 1026 3147 1161 3231; x_wconf 87' lang='lat' dir='ltr'>aliisque</span> 
     </span>
     <span class='ocr_line' id='line_1_35' title="bbox 144 3233 1162 3321; baseline 0.001 -22"><span class='ocrx_word' id='word_1_259' title='bbox 144 3235 246 3319; x_wconf 89' lang='lat' dir='ltr'>libris,</span> <span class='ocrx_word' id='word_1_260' title='bbox 270 3235 326 3321; x_wconf 90' lang='lat' dir='ltr'>qui</span> <span class='ocrx_word' id='word_1_261' title='bbox 350 3235 390 3300; x_wconf 87' lang='lat' dir='ltr'>ad</span> <span class='ocrx_word' id='word_1_262' title='bbox 411 3235 624 3321; x_wconf 86' lang='lat' dir='ltr'>astrologiam</span> <span class='ocrx_word' id='word_1_263' title='bbox 643 3235 815 3319; x_wconf 86' lang='lat' dir='ltr'>pertinent,</span> <span class='ocrx_word' id='word_1_264' title='bbox 838 3233 984 3300; x_wconf 86' lang='lat' dir='ltr'>Venetiis</span> <span class='ocrx_word' id='word_1_265' title='bbox 1003 3237 1039 3301; x_wconf 90' lang='lat' dir='ltr'>in</span> <span class='ocrx_word' id='word_1_266' title='bbox 1056 3236 1162 3300; x_wconf 88' lang='lat' dir='ltr'>iucem</span> 
     </span>
    </p>
   </div>
   <div class='ocr_carea' id='block_1_6' title="bbox 145 3322 1163 3498">
    <p class='ocr_par' dir='ltr' id='par_1_7' title="bbox 145 3322 1163 3498">
     <span class='ocr_line' id='line_1_36' title="bbox 145 3322 1161 3409; baseline 0.001 -22"><span class='ocrx_word' id='word_1_267' title='bbox 145 3322 253 3389; x_wconf 86' lang='lat' dir='ltr'>edidit.</span> <span class='ocrx_word' id='word_1_268' title='bbox 300 3346 364 3409; x_wconf 90' lang='lat' dir='ltr'>quo</span> <span class='ocrx_word' id='word_1_269' title='bbox 389 3324 474 3390; x_wconf 90' lang='lat' dir='ltr'>libro</span> <span class='ocrx_word' id='word_1_270' title='bbox 498 3343 611 3392; x_wconf 69' lang='lat' dir='ltr'>onnes</span> <span class='ocrx_word' id='word_1_271' title='bbox 635 3344 747 3389; x_wconf 90' lang='lat' dir='ltr'>uersus</span> <span class='ocrx_word' id='word_1_272' title='bbox 770 3327 899 3407; x_wconf 84' lang='lat' dir='ltr'>praeter</span> <span class='ocrx_word' id='word_1_273' title='bbox 920 3346 951 3388; x_wconf 92' lang='lat' dir='ltr'>u.</span> <span class='ocrx_word' id='word_1_274' title='bbox 976 3324 1062 3390; x_wconf 87' lang='grc'>1479</span> <span class='ocrx_word' id='word_1_275' title='bbox 1086 3345 1161 3390; x_wconf 88' lang='lat' dir='ltr'>con·</span> 
     </span>
     <span class='ocr_line' id='line_1_37' title="bbox 145 3410 1163 3498; baseline 0.001 -22"><span class='ocrx_word' id='word_1_276' title='bbox 145 3413 298 3478; x_wconf 85' lang='lat' dir='ltr'>tinentur.</span> <span class='ocrx_word' id='word_1_277' title='bbox 334 3413 368 3477; x_wconf 91' lang='lat' dir='ltr'>in</span> <span class='ocrx_word' id='word_1_278' title='bbox 392 3413 504 3478; x_wconf 86' lang='lat' dir='ltr'>eodem</span> <span class='ocrx_word' id='word_1_279' title='bbox 527 3414 604 3476; x_wconf 88' lang='lat' dir='ltr'>sunt</span> <span class='ocrx_word' id='word_1_280' title='bbox 626 3412 732 3478; x_wconf 85' lang='lat' dir='ltr'>mutili</span> <span class='ocrx_word' id='word_1_281' title='bbox 754 3435 786 3479; x_wconf 90' lang='lat' dir='ltr'>u.</span> <span class='ocrx_word' id='word_1_282' title='bbox 808 3413 887 3496; x_wconf 82' lang='grc'>270,</span> <span class='ocrx_word' id='word_1_283' title='bbox 910 3410 990 3498; x_wconf 88' lang='grc'>570,</span> <span class='ocrx_word' id='word_1_284' title='bbox 1015 3413 1101 3478; x_wconf 93' lang='grc'>1079</span> <span class='ocrx_word' id='word_1_285' title='bbox 1129 3414 1163 3477; x_wconf 85' lang='lat' dir='ltr'>et</span> 
     </span>
    </p>
   </div>
   <div class='ocr_carea' id='block_1_7' title="bbox 0 0 1309 3894">
    <p class='ocr_par' dir='ltr' id='par_1_8' title="bbox 0 0 1309 3894">
     <span class='ocr_line' id='line_1_38' title="bbox 0 0 1309 3894; baseline 0 0"><span class='ocrx_word' id='word_1_286' title='bbox 0 0 1309 3894; x_wconf 95' lang='lat' dir='ltr'> </span> 
     </span>
    </p>
   </div>
  </div>
 </body>
</html>
