2592 3894
542 201 758 266 -29..

75 341 79 350 '
135 340 230 428 *ignis
253 340 423 423 mundani,
446 363 519 407 eum
541 342 608 406 tela
631 345 776 408 extrema
799 347 981 428 coquuntur

143 451 279 514 eumque
303 429 522 514 sagittiferi
545 434 647 496 torret
669 453 773 514 uapor
796 453 911 498 aureus
936 453 1038 498 araus.

144 523 215 584 tum
238 539 366 602 quoque
390 519 418 582 si
440 519 567 602 pineam
590 520 747 603 spectaris
771 541 903 606 surgere
925 524 1070 604 noctem,

144 608 317 673 informem
340 608 453 672 taetris
476 607 627 672 tellurem
649 611 687 674 ut
709 611 832 674 uestiat
852 610 928 693 alis,

8 725 15 733 ·
71 712 124 766 676
145 697 223 760 litus
247 717 333 778 ama,
357 696 473 762 sollers
496 695 572 780 fuge
595 699 723 763 caerula
746 698 891 784 tegmina
913 698 1019 764 noetis

144 784 339 868 exitiumque
363 784 425 848 sali
447 784 614 869 rabidique
637 787 781 870 pericula
802 787 895 870 ponti

145 873 309 955 anteueni,
331 872 396 936 iam
422 873 511 938 solve
534 895 658 940 memor
680 895 766 959 uaga
789 876 924 940 oarbasa
947 875 1049 958 malo,

144 963 209 1027 iam
232 961 431 1044 prolixarum
454 962 560 1027 iaeeat
582 965 673 1047 rigor
698 967 921 1028 antennarum.

144 1051 265 1114 mensis
288 1053 323 1114 at
344 1050 480 1116 infausti
503 1052 556 1116 uel
578 1052 650 1117 duri
674 1051 789 1116 sideris
811 1052 908 1116 index

8 1158 10 1200 τ
71 1159 125 1208 666
146 1138 293 1222 scorpius
317 1140 464 1204 exoriens
489 1140 532 1204 sit
555 1144 701 1224 tempore
723 1141 831 1205 noetis
856 1140 995 1205 adultae:

8 1217 9 1242 ¹
143 1228 198 1293 hio
221 1228 382 1292 matutino
405 1229 539 1292 ueniens
562 1230 674 1312 procul
697 1251 836 1314 aequore
859 1230 961 1294 telum

146 1315 248 1401 exigit
271 1338 288 1379 e
311 1318 442 1401 pelago,
465 1317 566 1381 telum
590 1318 694 1383 trahit
715 1319 831 1383 ultima
854 1317 966 1383 cauda.

146 1407 317 1469 annotatur
339 1405 436 1489 pigro
458 1409 534 1489 post
556 1409 684 1491 tergum
709 1407 812 1471 sidere
833 1407 923 1471 iuxta

146 1494 353 1578 arquitenens
376 1494 489 1559 tardos
513 1497 545 1558 et
569 1495 698 1579 gurgite
720 1497 838 1561 liberat
861 1499 961 1559 artus.

73 1599 126 1648 666
144 1586 216 1646 tum
240 1579 411 1664 Cynosura
434 1582 532 1647 etiam
556 1586 702 1647 maturae
725 1583 928 1667 intempore
952 1581 1058 1646 noetis

148 1670 243 1735 altius
266 1669 300 1732 in
323 1669 447 1734 borean
470 1670 664 1753 sustollitur,
688 1670 818 1734 abditur
841 1673 950 1734 autem

148 1757 251 1822 Orion
273 1758 428 1822 redeunte
452 1758 516 1842 die,
539 1761 609 1823 tum
632 1759 766 1824 braehia
789 1759 939 1843 Cepheus

147 1849 378 1931 protentasque
402 1869 517 1912 manus
542 1847 744 1933 mediamque
767 1847 974 1932 immergitur
998 1846 1117 1911 aluum.

193 1935 279 2012 Quin
301 1939 422 2000 norunt
444 1936 541 2000 aliam
566 1959 717 2021 superum
741 1957 886 2001 oonuexa
909 1935 1104 2020 sagittam.

74 2042 128 2091 696
148 2023 203 2087 sed
226 2027 338 2088 tamen
360 2023 440 2089 haee
465 2046 541 2089 areu
563 2026 660 2090 tereti
683 2027 772 2088 earet
794 2024 897 2088 insuia
919 2023 1024 2101 nerui,

147 2111 250 2176 inscia
272 2133 350 2176 nam
373 2113 496 2177 domini
519 2116 576 2177 est
621 2114 723 2177 telum
747 2133 844 2194 super
867 2111 999 2177 aduolat
1023 2112 1105 2195 ales,

149 2201 215 2264 ales
239 2201 323 2284 olor,
348 2201 403 2264 sed
427 2199 578 2265 Threicio
601 2201 820 2266 conterminus
845 2200 897 2264 axi

148 2310 229 2353 cana
251 2290 422 2372 pruinosas
447 2288 590 2354 extendit
613 2290 697 2354 eolla
721 2290 780 2355 sub
805 2292 921 2355 aratos.

191 2377 372 2461 Armiger
393 2377 478 2442 hano
502 2377 600 2442 etiam
624 2378 731 2444 Iouis
756 2378 903 2460 aduolat,
931 2377 1053 2443 arbiter
1075 2378 1161 2462 ignis

75 2483 128 2534 696
149 2465 295 2548 aetherii,
318 2466 374 2530 sed
397 2466 543 2530 membra
566 2467 681 2531 minor.
726 2467 838 2550 procul
862 2465 915 2530 hio
938 2468 1047 2530 tamen
1071 2468 1138 2531 alto

147 2576 220 2619 eum
243 2554 328 2619 redit
352 2577 371 2618 6
393 2555 510 2639 pelago
535 2558 567 2618 et
590 2556 700 2619 mouet
723 2556 759 2619 in
782 2576 927 2619 oonuexa
950 2556 1094 2620 uolatum

147 2642 212 2708 fin'e
234 2642 440 2708 tenebrarum
464 2664 671 2726 summaeque
694 2642 729 2706 in
752 2643 898 2728 margine
921 2642 1043 2727 noetis,

148 2753 335 2815 spumosum
358 2732 535 2799 latomere
559 2731 699 2814 subruit3
724 2731 834 2797 omnia
857 2731 952 2814 caeli,
1061 2801 1064 2809 ¹

218 2911 270 2960 671
288 2907 348 2960 tela
362 2905 390 2960 A
407 2906 477 2960 itala
495 2905 541 2976 Vll
554 2907 712 2974 ooqunntur
726 2906 754 2959 A
773 2905 910 2975 coquntur
929 2906 956 2960 V
995 2909 1047 2960 678
1066 2903 1164 2959 sollers

258 2980 273 3019 b
364 2989 378 3019 a

146 3030 214 3100 fuge
233 3030 309 3100 (fuge
328 3030 438 3098 sollers)
456 3030 484 3082 A
503 3029 616 3086 Grotius
633 3031 701 3101 fuge
720 3031 807 3086 solers
832 3030 859 3083 V
910 3035 963 3084 677
982 3027 1115 3083 anteueni
1139 3029 1166 3082 V

146 3101 220 3154 Ante
238 3101 304 3156 ueni
323 3103 350 3156 A
419 3106 471 3156 678
491 3103 676 3156 antennarum
694 3102 722 3156 A
740 3105 916 3158 amtenarum
940 3099 968 3152 V
1029 3103 1080 3153 688
1098 3102 1164 3168 post

146 3174 258 3240 tergum
281 3172 309 3226 A
332 3175 496 3244 postergum
525 3173 552 3225 V
566 3174 576 3242 ΙΙ
600 3173 689 3228 sidere
712 3173 833 3229 Bablius
857 3172 948 3225 sidera
972 3170 999 3222 V
1019 3169 1120 3238 sydera
1137 3172 1165 3225 A

148 3242 453 3298 6841iberatartnsa
472 3243 562 3298 libera
580 3243 675 3299 tardus
700 3244 771 3299 VAe
825 3245 877 3298 688
896 3259 995 3296 manns
1009 3243 1037 3295 A
1056 3259 1122 3297 man
1142 3242 1169 3295 V

146 3331 174 3368 6.
195 3317 250 3370 689
273 3315 436 3369 immoene
456 3312 615 3369 SAGITTA
638 3315 690 3370 VA
770 3318 822 3368 690
845 3312 925 3367 nerui
943 3329 959 3367 6
978 3312 1071 3368 neruis
1095 3312 1166 3367 VAe

147 3402 175 3439 a.
195 3389 250 3441 691
267 3385 431 3441 annititur
449 3385 589 3450 AQVILA
613 3385 665 3439 VA
747 3389 799 3439 696
817 3401 834 3438 6
852 3384 955 3454 pelago
974 3401 990 3439 6
1009 3401 1043 3440 66
1060 3384 1163 3454 pelago

153 3454 224 3510 VAe
240 3457 251 3525 l
270 3458 299 3511 et
316 3473 332 3511 o
351 3473 400 3512 om.
426 3456 501 3511 VAe
556 3462 606 3512 897
627 3471 807 3525 summaeque
825 3456 853 3510 A
871 3455 947 3530 simp
966 3472 1037 3524 quae
1063 3455 1089 3508 V
