2592 3894
140 378 170 420 u.
195 353 261 422 615
290 375 402 437 expers
431 376 581 420 caesurae
610 359 669 420 est.
714 356 750 420 in
772 357 905 441 reliquis
929 360 1041 423 tamen
1063 359 1159 424 rebus

140 465 272 528 prorsus
306 443 371 507 alia
403 447 454 508 est
487 443 632 509 condicio
665 444 743 509 libri
769 445 889 510 Aldini.
939 469 1045 531 neque
1073 448 1160 514 enim

141 532 284 598 dubitari
308 531 412 616 debet,
437 533 516 616 quin
535 533 591 598 ille
611 533 856 598 emendatorum
875 556 990 600 manus
1010 541 1159 620 expertis

142 621 186 688 sit
222 617 275 707 (of.
303 621 440 686 Hermes
468 620 533 686 XII
564 645 595 706 p.
625 622 689 688 155
719 645 749 687 1.
771 623 821 688 22
848 646 879 707 p.
911 623 972 688 151
1002 646 1033 690 n
1057 623 1101 690 25
1128 630 1162 690 et

140 732 249 796 progr.
273 709 343 774 arf.
365 733 397 794 p.
419 709 467 774 VI
483 707 553 797 sq.).

230 797 341 863 Etiam
374 799 593 864 emendatiora
623 799 723 864 uerba
750 804 865 884 poetae
892 800 1069 866 reddidisse
1098 802 1161 866 sibi

141 889 232 953 uisus
252 890 302 952 est
319 885 504 953 Ioaehimus
524 888 705 973 Perionius,
723 889 778 973 qui
797 887 956 974 ‘Vergilii
978 889 1161 956 Germanioi

143 975 291 1044 Caesaris
311 980 344 1041 et
356 975 432 1041 Rufi
446 977 566 1042 Auiani
585 979 738 1059 earmina,
756 978 797 1042 iis
816 978 1044 1061 respondentia
1057 978 1161 1062 Arati,

145 1087 227 1150 quae
242 1064 428 1131 1111111111
442 1088 600 1131 conuersa
613 1065 857 1130 interciderunt’
873 1088 959 1131 anno
969 1066 1161 1132 MDXXXX

144 1154 279 1219 Parisiis
299 1154 477 1219 emittenda
495 1155 631 1219 1111111.
672 1155 761 1219 11111
780 1155 935 1220 lectiones
954 1177 1027 1220 eum
1047 1157 1087 1221 ab
1104 1157 1162 1220 Al-

146 1243 230 1308 dinis
255 1263 352 1326 saepe
370 1242 547 1327 discedant,
570 1247 640 1308 tum
659 1242 853 1327 aliquotiens
875 1249 1071 1328 concrepant
1089 1266 1161 1310 oum

146 1331 255 1395 oodioe
278 1329 510 1415 Ambrosiam,
538 1332 629 1396 uelut
651 1354 681 1396 u.
707 1332 793 1397 1664
817 1336 850 1396 11
871 1332 905 1396 in
933 1333 995 1398 hoo
1022 1334 1106 1398 libro
1130 1336 1163 1398 et

147 1419 232 1503 apud
247 1418 433 1485 Perionium
453 1424 501 1485 111
520 1442 668 1485 saeuus.
705 1442 810 1506 neque
828 1425 938 1486 tamen
955 1422 1010 1486 ille
1025 1423 1162 1486 multum

144 1507 288 1592 perfecit.
340 1508 455 1573 melius
486 1513 594 1574 autem
622 1509 751 1575 Auieno
784 1510 948 1574 consuluit
981 1509 1161 1576 Guilelmus

145 1596 310 1679 Morelius,
332 1597 387 1681 qui
411 1619 497 1662 anno
515 1596 708 1662 MDLVIIII
726 1599 868 1680 primum
886 1597 1006 1662 Auieni
1025 1597 1163 1664 Aratum

146 1707 218 1751 oum
243 1686 348 1750 Arato
371 1686 443 1769 ipso
460 1685 595 1750 Parisiis
619 1685 754 1751 exaudit.
791 1686 859 1750 eius
877 1687 1025 1768 uestigiis
1043 1687 1164 1751 institit

147 1773 336 1839 Theodorus
360 1772 916 1858 Ι(11111111111,111111111111111
940 1772 1163 1839 MDLXVIIII
1273 1809 1274 1814 .

111 1886 127 1924 1
147 1859 301 1927 Coloniae
325 1863 448 1946 prodiit
465 1860 518 1949 (of.
536 1863 651 1946 Buhle,
674 1863 764 1928 Arat.
783 1862 800 1926 I
818 1884 849 1946 p.
867 1859 985 1948 XXH).
1023 1863 1163 1929 Manutii

148 1955 257 2016 autem
280 1955 313 2016 et
330 1950 458 2017 Morelii
482 1973 581 2035 opera
604 1975 686 2037 quae
709 1953 744 2016 in
763 1951 892 2016 Arateis
916 1955 1009 2016 erant
1027 1955 1162 2037 1111111,

147 2061 185 2104 11
209 2039 277 2104 fere
301 2041 411 2105 omnia
434 2040 476 2105 ab
496 2041 654 2124 omnibus,
678 2062 760 2125 quae
778 2043 893 2123 postea
911 2040 969 2103 illa
988 2039 1164 2126 ediderunt,

148 2132 225 2193 sunt
246 2132 386 2213 recepta.
424 2129 471 2194 sie
489 2129 624 2213 uulgata
642 2128 800 2213 quaedam
819 2129 978 2213 poematis
997 2131 1163 2214 memoria,

147 2238 220 2282 oum
242 2217 374 2281 illorum
395 2218 539 2282 uirorum
558 2216 671 2282 studiis
692 2221 763 2282 orta
782 2222 875 2301 esset,
898 2239 1000 2302 usque
1019 2216 1060 2282 ad
1078 2218 1164 2285 hano

148 2307 288 2369 aetatem
307 2308 490 2391 propagata
507 2308 566 2370 est
596 2329 615 2370 a
630 2327 693 2390 qua
707 2307 762 2390 qui
777 2328 861 2371 anno
875 2305 1164 2371 MDLXXXVIIII

147 2392 322 2458 editionem
337 2392 633 2459 Sanotandreanam
647 2396 826 2478 exornauit,
839 2395 906 2460 iarn
919 2416 987 2460 non
1001 2395 1163 2462 abhorret.

146 2503 187 2546 no
202 2479 334 2547 Grotius
354 2483 485 2567 quidem
504 2483 592 2547 aliud
610 2483 857 2548 fundamentum
876 2485 1037 2567 poematis
1055 2506 1162 2548 emen-

146 2570 245 2635 dandi
263 2593 384 2655 ponere
404 2572 536 2637 studuit.
574 2593 771 2656 quamquam
790 2573 887 2637 homo
902 2573 957 2637 ille
971 2573 1161 2658 ingeniosus

147 2657 212 2724 ‘uix
240 2663 366 2724 sextam
394 2681 542 2746 egressus
567 2659 746 2725 trieterida'
770 2660 932 2726 Auienum
956 2659 1163 2746 syntagmati

147 2769 215 2830 suo,
237 2747 324 2833 quod
347 2770 432 2814 anno
452 2747 544 2816 Mne
562 2747 715 2834 Lugduni
733 2747 933 2815 Batauorum
957 2750 1045 2814 foras
1067 2749 1163 2833 dedit,

146 2835 334 2901 adiunctum
362 2836 441 2902 adeo
469 2839 600 2904 ornauit
627 2841 724 2923 atque
751 2838 920 2923 expoliuit,
947 2841 985 2903 ut
1010 2839 1066 2923 qui
1088 2842 1164 2922 post

145 2924 239 2988 illum
258 2925 390 2991 Arateis
414 2947 545 3010 operam
568 2926 736 2992 nauabant
758 2948 840 3011 qnae
860 2926 993 2992 Grotius
1013 2926 1163 2992 emenda·

145 3017 239 3078 uerat
262 3014 439 3099 'repetiisse
472 3016 552 3079 eatis
584 3015 751 3082 haberent.
805 3016 838 3081 id
869 3017 1017 3081 11111111
1048 3013 1162 3080 Petrus

146 3100 268 3167 Melian
287 3101 331 3188 (1.
349 3101 609 3189 MDOXXXIV),
631 3102 769 3170 Ioannes
788 3105 894 3170 Buhle
912 3103 956 3192 (a.
974 3101 1163 3191 MDOOOI),

146 3189 182 3256 F.
202 3188 237 3256 O.
255 3191 416 3257 Matthiae
439 3190 482 3278 (1.
501 3191 770 3279 MDOOOXVII),
793 3216 931 3279 quorum
955 3193 994 3258 de
1016 3193 1164 3259 editioni-

146 3280 207 3344 bus
239 3301 344 3365 nuper
370 3281 582 3346 disseruimus
610 3281 663 3364 (of.
693 3302 803 3367 progr.
829 3280 1085 3368 11111111).
1130 3286 1165 3348 at

146 3369 251 3434 multo
271 3369 346 3453 plus
364 3370 538 3435 uoluerunt
556 3369 597 3435 ad
611 3371 774 3435 Auienum
788 3370 1022 3436 restituendum
1037 3371 1163 3436 Nioolai

12 3455 15 3470 “
147 3455 274 3525 Heinsii
302 3459 560 3543 emendationes,
588 3480 670 3544 quae
694 3457 899 3544 syntagmati
924 3458 1081 3525 Gratiano
1110 3457 1164 3522 ad·
