2592 3894
536 206 756 269 ..73-

139 347 268 412 uuentis
292 347 373 412 caeli
396 347 459 411 sibi
481 347 680 412 nutrimenta
702 346 844 410 latenter

140 439 254 520 sponte
279 439 411 520 operata
434 435 537 500 docet.
582 436 659 519 quin
682 438 715 499 et
736 435 891 500 lentiscus
915 457 1027 500 amara

50 540 120 591 1788
139 523 293 589 indicium
318 527 367 589 est
388 525 517 608 pluuiis.
561 527 612 588 ter
634 523 736 588 fetum
759 523 900 608 concipit
923 524 1021 588 arbos

140 617 252 696 terque
274 633 379 678 nouos
403 613 550 698 genetrix
572 612 697 676 fructus
720 613 780 676 alit
801 613 936 697 ipsaque
958 612 1046 677 trino

139 701 218 766 flore
241 700 447 767 renidescens
470 701 534 765 tria
556 704 704 785 tempora
725 700 835 784 prodit
858 699 980 765 arandi.

139 792 189 854 ter
211 790 453 874 prorumpentis
477 790 587 854 scillae
610 793 695 854 teres
719 789 853 873 erigitur
875 790 936 854 flos

140 877 348 962 sulcandique
371 879 476 943 solum
498 882 548 942 ter
570 880 733 942 monstrat
754 882 882 961 tempus
907 877 1027 942 adesse.

51 983 121 1033 1790
185 965 237 1032 Sic
261 971 293 1031 et
316 968 510 1033 crabronum
533 988 632 1032 rauca
655 964 787 1051 agmina
810 967 838 1031 si
860 966 998 1030 uolitare

139 1055 207 1134 fine
226 1056 285 1120 sub
310 1056 457 1121 autumni
480 1055 684 1139 conspexeris
708 1054 839 1118 aethere
860 1054 975 1140 long0‚

138 1143 206 1208 iam
229 1145 433 1228 uespertinus
457 1143 561 1227 primo
585 1164 658 1207 cum
681 1146 866 1208 commouet
889 1146 979 1208 ortus

140 1231 292 1316 uergilias
315 1232 445 1316 pelago,
470 1231 556 1295 dices
579 1232 703 1296 instare
725 1231 894 1316 procellas.

141 1321 232 1404 sique
255 1342 330 1385 sues
353 1323 472 1405 lentae,
495 1321 524 1384 si
546 1321 640 1384 lanae
664 1319 777 1384 sedula
798 1321 922 1404 nutrix,

50 1425 121 1476 1795
141 1409 169 1473 si
192 1431 290 1492 capra
312 1408 455 1474 dumosis
479 1429 591 1474 errans
613 1409 648 1474 in
671 1409 808 1474 saltibus
831 1410 918 1473 ultro

140 1497 174 1561 in
196 1495 356 1563 Venerem
379 1501 509 1584 pergat,
532 1497 652 1581 quippe
677 1498 751 1562 ollis
774 1497 892 1562 uuidus
916 1517 972 1561 111

141 1587 259 1651 excitat
282 1587 444 1651 internum
468 1607 526 1670 per
548 1586 674 1649 uiscera
696 1589 786 1650 mota
807 1585 965 1649 furorem:

141 1679 174 1739 et
196 1678 407 1758 tempestates
431 1677 464 1738 et
486 1673 600 1738 nubila
622 1673 770 1757 protinus
794 1675 866 1737 atra

141 1762 252 1829 adfore
274 1762 461 1846 praecipies.
508 1761 586 1846 quin
610 1766 643 1826 et
666 1761 821 1846 gaudebit
844 1763 952 1826 arator

52 1868 123 1918 1800
142 1852 261 1936 quique
284 1851 391 1916 solum
405 1850 510 1915 ‘iustis
534 1851 679 1916 uersabit
700 1851 866 1916 mensibus
891 1850 980 1933 anni,

145 1940 239 2023 plebe
262 1960 379 2024 gruum
401 1939 520 2024 prima,
543 1939 699 2024 gaudebit
719 1939 832 2005 tardus
856 1942 967 2003 arator

141 2029 270 2113 agmine
295 2029 472 2114 pigrarum:
496 2029 543 2093 sic
566 2027 705 2110 quadam
728 2028 802 2112 lege
824 2026 957 2092 deorum

141 2117 192 2181 his
216 2139 324 2184 comes
347 2121 398 2183 est
419 2117 531 2180 imber.
576 2115 715 2199 pecudes
739 2117 767 2180 si
791 2115 926 2200 denique
949 2118 1070 2180 terram

139 2206 305 2290 lanigerae
328 2205 467 2289 fodiant,
490 2207 591 2287 caput
614 2208 648 2269 at
669 2204 821 2270 tendatur
843 2204 878 2269 in
901 2207 1029 2289 arcton,

51 2311 214 2361 1801111111
237 2293 385 2358 madidus
404 2295 545 2375 primum
567 2313 625 2377 per
647 2315 812 2358 marmora
833 2293 966 2358 turbida
988 2293 1099 2358 condit
1169 2315 1211 2355 111

139 2382 283 2466 pleiadas
307 2403 550 2466 0011111,111111
573 2382 706 2447 brumae
728 2382 763 2446 in
785 2383 909 2468 frigora
932 2381 1017 2446 cedit

140 2471 275 2556 frugifer
298 2474 486 2554 autumnus,
509 2474 581 2535 ruet
604 2471 718 2536 aethra
741 2473 887 2536 concitus
909 2471 1022 2536 imber.

141 2564 176 2624 at
197 2582 238 2624 ne
261 2561 424 2644 perruptis
447 2563 607 2624 terrarum
631 2559 728 2625 dorsa
751 2559 876 2626 lacunis
1012 2563 1014 2570 '

140 2648 301 2713 infodiunt
323 2649 474 2733 pecudea,
497 2648 525 2713 si
548 2651 643 2713 uasto
666 2648 794 2714 uiscera
814 2649 907 2714 hiatu

213 2827 281 2876 1788
300 2821 411 2876 ruentis
430 2838 444 2876 1
461 2821 592 2878 huueutis
610 2822 638 2875 A
708 2825 776 2876 1781
795 2824 840 2877 ter
857 2821 948 2877 fetum
966 2823 1083 2891 (foetum
1102 2827 1125 2895 1)
1144 2842 1157 2880 1

140 2896 215 2965 terre
238 2909 302 2946 cum
320 2893 348 2947 A
422 2892 784 2949 178011110111110111
857 2894 1158 2952 17871111111111111

139 2963 284 3019 reuisount
301 2964 329 3017 A
403 2967 472 3018 1788
495 2965 569 3018 teres
592 2981 606 3018 1
628 2968 709 3020 tener
726 2968 753 3017 A
828 2970 897 3020 1790
916 2965 1036 3021 uolitare
1054 2983 1068 3021 1
1085 2966 1157 3020 uoli-

139 3035 215 3090 11111
232 3035 261 3088 A
334 3039 404 3088 1794
427 3033 452 3088 si
473 3033 555 3089 lanae
578 3051 591 3089 1
613 3035 738 3106 syllanae
756 3033 785 3088 A
858 3041 927 3091 1790
950 3036 1050 3091 auidus
1073 3038 1157 3091 ehu-

139 3104 221 3160 uidus
240 3106 268 3160 A
342 3111 412 3160 1799
434 3105 589 3175 praecipies
608 3123 624 3161 o
642 3105 780 3176 percipies
798 3107 827 3160 A
845 3106 1013 3177 praecipites
1031 3124 1045 3162 e
1062 3110 1072 3177 l
1090 3108 1158 3177 quin

140 3179 170 3231 et
187 3193 200 3232 1
219 3177 267 3245 qui
285 3194 336 3232 nec
356 3177 384 3231 A
402 3177 412 3246 l
431 3175 568 3246 gaudebit
585 3194 598 3231 1
616 3177 750 3250 gaudebis
768 3178 796 3231 A
870 3183 939 3232 1800
957 3177 1038 3232 iustis
1055 3195 1072 3232 o
1090 3178 1159 3234 iusti

140 3249 190 3303 Ac
246 3251 314 3303 1802
334 3247 374 3302 sic
392 3265 408 3301 0
428 3245 451 3303 si
469 3245 671 3317 Aefldeorum
690 3265 704 3302 1
722 3247 837 3302 dearum
855 3248 883 3302 A
938 3254 1006 3303 1803
1025 3252 1158 3306 terrama

139 3323 217 3373 terra
234 3321 262 3372 A
309 3324 378 3373 1804
397 3321 428 3373 at
446 3318 561 3373 Gratiae
579 3321 629 3372 aut
646 3319 808 3388 1111111101
827 3335 843 3372 v
861 3335 957 3373 arcum
975 3322 1003 3373 A
1021 3323 1158 3376 arctume

142 3394 211 3443 1805
237 3389 358 3458 primum
381 3390 481 3446 addidi
503 3391 538 3456 cf.
561 3389 674 3445 Herma
698 3389 780 3444 XVI
800 3405 827 3458 p.
853 3392 1158 3454 1131711111

141 3464 210 3516 1800
236 3460 365 3517 Pleiadas
383 3462 411 3515 A
429 3459 575 3530 pliadasc
648 3465 718 3517 1808
741 3462 773 3516 at
794 3477 830 3516 nc
850 3477 866 3516 1
885 3462 964 3518 Anne
982 3464 1010 3516 A
1028 3465 1073 3516 An
1090 3477 1158 3518 nae
